%YAML 1.1
%TAG !u! tag:unity3d.com,2011:
--- !u!29 &1
SceneSettings:
  m_ObjectHideFlags: 0
  m_PVSData: 
  m_PVSObjectsArray: []
  m_PVSPortalsArray: []
  m_OcclusionBakeSettings:
    smallestOccluder: 5
    smallestHole: 0.25
    backfaceThreshold: 100
--- !u!104 &2
RenderSettings:
  m_ObjectHideFlags: 0
  serializedVersion: 6
  m_Fog: 0
  m_FogColor: {r: 0.5, g: 0.5, b: 0.5, a: 1}
  m_FogMode: 3
  m_FogDensity: 0.01
  m_LinearFogStart: 0
  m_LinearFogEnd: 300
  m_AmbientSkyColor: {r: 0.212, g: 0.227, b: 0.259, a: 1}
  m_AmbientEquatorColor: {r: 0.114, g: 0.125, b: 0.133, a: 1}
  m_AmbientGroundColor: {r: 0.047, g: 0.043, b: 0.035, a: 1}
  m_AmbientIntensity: 1
  m_AmbientMode: 0
  m_SkyboxMaterial: {fileID: 10304, guid: 0000000000000000f000000000000000, type: 0}
  m_HaloStrength: 0.5
  m_FlareStrength: 1
  m_FlareFadeSpeed: 3
  m_HaloTexture: {fileID: 0}
  m_SpotCookie: {fileID: 10001, guid: 0000000000000000e000000000000000, type: 0}
  m_DefaultReflectionMode: 0
  m_DefaultReflectionResolution: 128
  m_ReflectionBounces: 1
  m_ReflectionIntensity: 1
  m_CustomReflection: {fileID: 0}
  m_Sun: {fileID: 0}
--- !u!157 &3
LightmapSettings:
  m_ObjectHideFlags: 0
  serializedVersion: 6
  m_GIWorkflowMode: 0
  m_LightmapsMode: 1
  m_GISettings:
    serializedVersion: 2
    m_BounceScale: 1
    m_IndirectOutputScale: 1
    m_AlbedoBoost: 1
    m_TemporalCoherenceThreshold: 1
    m_EnvironmentLightingMode: 0
    m_EnableBakedLightmaps: 1
    m_EnableRealtimeLightmaps: 1
  m_LightmapEditorSettings:
    serializedVersion: 3
    m_Resolution: 2
    m_BakeResolution: 40
    m_TextureWidth: 1024
    m_TextureHeight: 1024
    m_AOMaxDistance: 1
    m_Padding: 2
    m_CompAOExponent: 0
    m_LightmapParameters: {fileID: 0}
    m_TextureCompression: 1
    m_FinalGather: 0
    m_FinalGatherRayCount: 1024
    m_ReflectionCompression: 2
  m_LightingDataAsset: {fileID: 0}
  m_RuntimeCPUUsage: 25
--- !u!196 &4
NavMeshSettings:
  serializedVersion: 2
  m_ObjectHideFlags: 0
  m_BuildSettings:
    serializedVersion: 2
    agentRadius: 0.5
    agentHeight: 2
    agentSlope: 45
    agentClimb: 0.4
    ledgeDropHeight: 0
    maxJumpAcrossDistance: 0
    accuratePlacement: 0
    minRegionArea: 2
    cellSize: 0.16666667
    manualCellSize: 0
  m_NavMeshData: {fileID: 0}
--- !u!4 &8413735
Transform:
  m_ObjectHideFlags: 0
  m_PrefabParentObject: {fileID: 400000, guid: 384a0d8cc71cef74a873b3353337ea2c, type: 2}
  m_PrefabInternal: {fileID: 1082321046}
  m_GameObject: {fileID: 2083705167}
  m_LocalRotation: {x: 0, y: 0, z: 0, w: 1}
  m_LocalPosition: {x: 1, y: 0, z: 0}
  m_LocalScale: {x: 1.623273, y: 1.623273, z: 1.623273}
  m_Children:
  - {fileID: 198885946}
  m_Father: {fileID: 0}
  m_RootOrder: 4
--- !u!21 &41338597
Material:
  serializedVersion: 6
  m_ObjectHideFlags: 0
  m_PrefabParentObject: {fileID: 0}
  m_PrefabInternal: {fileID: 0}
  m_Name: 7deespada_scaledMaterial
  m_Shader: {fileID: 10752, guid: 0000000000000000f000000000000000, type: 0}
  m_ShaderKeywords: 
  m_LightmapFlags: 5
  m_CustomRenderQueue: -1
  stringTagMap: {}
  m_SavedProperties:
    serializedVersion: 2
    m_TexEnvs:
      data:
        first:
          name: _MainTex
        second:
          m_Texture: {fileID: 2800000, guid: 97215e627c4a414fb48d8ca37eb3043d, type: 3}
          m_Scale: {x: 1, y: 1}
          m_Offset: {x: 0, y: 0}
    m_Floats: {}
    m_Colors:
      data:
        first:
          name: _Color
        second: {r: 0.82089555, g: 0.82089555, b: 0.82089555, a: 1}
--- !u!1 &126812612
GameObject:
  m_ObjectHideFlags: 0
  m_PrefabParentObject: {fileID: 186884, guid: 77a599bd67f72e24999e1d5d60f433d0, type: 2}
  m_PrefabInternal: {fileID: 1225381830}
  serializedVersion: 4
  m_Component:
  - 4: {fileID: 126812613}
  - 33: {fileID: 126812615}
  - 23: {fileID: 126812614}
  m_Layer: 0
  m_Name: Crystal
  m_TagString: Untagged
  m_Icon: {fileID: 0}
  m_NavMeshLayer: 0
  m_StaticEditorFlags: 0
  m_IsActive: 1
--- !u!4 &126812613
Transform:
  m_ObjectHideFlags: 0
  m_PrefabParentObject: {fileID: 440698, guid: 77a599bd67f72e24999e1d5d60f433d0, type: 2}
  m_PrefabInternal: {fileID: 1225381830}
  m_GameObject: {fileID: 126812612}
  m_LocalRotation: {x: -0.7071068, y: 0, z: -0, w: 0.7071068}
  m_LocalPosition: {x: 0, y: 0, z: 0}
  m_LocalScale: {x: 5.9986496, y: 5.9986496, z: 18.737053}
  m_Children: []
  m_Father: {fileID: 198885946}
  m_RootOrder: 2
--- !u!23 &126812614
MeshRenderer:
  m_ObjectHideFlags: 0
  m_PrefabParentObject: {fileID: 2396884, guid: 77a599bd67f72e24999e1d5d60f433d0,
    type: 2}
  m_PrefabInternal: {fileID: 1225381830}
  m_GameObject: {fileID: 126812612}
  m_Enabled: 1
  m_CastShadows: 1
  m_ReceiveShadows: 1
  m_Materials:
  - {fileID: 2100000, guid: 6e06b6d0c696f9544b327c597d334766, type: 2}
  m_SubsetIndices: 
  m_StaticBatchRoot: {fileID: 0}
  m_UseLightProbes: 1
  m_ReflectionProbeUsage: 1
  m_ProbeAnchor: {fileID: 0}
  m_ScaleInLightmap: 1
  m_PreserveUVs: 0
  m_IgnoreNormalsForChartDetection: 0
  m_ImportantGI: 0
  m_MinimumChartSize: 4
  m_AutoUVMaxDistance: 0.5
  m_AutoUVMaxAngle: 89
  m_LightmapParameters: {fileID: 0}
  m_SortingLayerID: 0
  m_SortingOrder: 0
--- !u!33 &126812615
MeshFilter:
  m_ObjectHideFlags: 0
  m_PrefabParentObject: {fileID: 3380440, guid: 77a599bd67f72e24999e1d5d60f433d0,
    type: 2}
  m_PrefabInternal: {fileID: 1225381830}
  m_GameObject: {fileID: 126812612}
  m_Mesh: {fileID: 4300008, guid: d052d933598dac241a51c227cfe7a313, type: 3}
--- !u!1001 &168138633
Prefab:
  m_ObjectHideFlags: 0
  serializedVersion: 2
  m_Modification:
    m_TransformParent: {fileID: 0}
    m_Modifications:
    - target: {fileID: 400000, guid: 384a0d8cc71cef74a873b3353337ea2c, type: 2}
      propertyPath: m_LocalPosition.x
      value: 0
      objectReference: {fileID: 0}
    - target: {fileID: 400000, guid: 384a0d8cc71cef74a873b3353337ea2c, type: 2}
      propertyPath: m_LocalPosition.y
      value: 0
      objectReference: {fileID: 0}
    - target: {fileID: 400000, guid: 384a0d8cc71cef74a873b3353337ea2c, type: 2}
      propertyPath: m_LocalPosition.z
      value: 0
      objectReference: {fileID: 0}
    - target: {fileID: 400000, guid: 384a0d8cc71cef74a873b3353337ea2c, type: 2}
      propertyPath: m_LocalRotation.x
      value: 0
      objectReference: {fileID: 0}
    - target: {fileID: 400000, guid: 384a0d8cc71cef74a873b3353337ea2c, type: 2}
      propertyPath: m_LocalRotation.y
      value: 0
      objectReference: {fileID: 0}
    - target: {fileID: 400000, guid: 384a0d8cc71cef74a873b3353337ea2c, type: 2}
      propertyPath: m_LocalRotation.z
      value: 0
      objectReference: {fileID: 0}
    - target: {fileID: 400000, guid: 384a0d8cc71cef74a873b3353337ea2c, type: 2}
      propertyPath: m_LocalRotation.w
      value: 1
      objectReference: {fileID: 0}
    - target: {fileID: 400000, guid: 384a0d8cc71cef74a873b3353337ea2c, type: 2}
      propertyPath: m_RootOrder
      value: 2
      objectReference: {fileID: 0}
    - target: {fileID: 11400000, guid: 384a0d8cc71cef74a873b3353337ea2c, type: 2}
      propertyPath: mPreviousScale.x
      value: 1.333333
      objectReference: {fileID: 0}
    - target: {fileID: 11400000, guid: 384a0d8cc71cef74a873b3353337ea2c, type: 2}
      propertyPath: mPreviousScale.y
      value: 1.333333
      objectReference: {fileID: 0}
    - target: {fileID: 11400000, guid: 384a0d8cc71cef74a873b3353337ea2c, type: 2}
      propertyPath: mPreviousScale.z
      value: 1.333333
      objectReference: {fileID: 0}
    - target: {fileID: 3300000, guid: 384a0d8cc71cef74a873b3353337ea2c, type: 2}
      propertyPath: m_Mesh
      value: 
      objectReference: {fileID: 1654318293}
    - target: {fileID: 11400000, guid: 384a0d8cc71cef74a873b3353337ea2c, type: 2}
      propertyPath: mTrackableName
      value: menschena21a
      objectReference: {fileID: 0}
    - target: {fileID: 11400000, guid: 384a0d8cc71cef74a873b3353337ea2c, type: 2}
      propertyPath: mInitializedInEditor
      value: 1
      objectReference: {fileID: 0}
    - target: {fileID: 11400000, guid: 384a0d8cc71cef74a873b3353337ea2c, type: 2}
      propertyPath: mDataSetPath
      value: QCAR/VuforiaTest.xml
      objectReference: {fileID: 0}
    - target: {fileID: 11400000, guid: 384a0d8cc71cef74a873b3353337ea2c, type: 2}
      propertyPath: mAspectRatio
      value: 1.333333
      objectReference: {fileID: 0}
    - target: {fileID: 2300000, guid: 384a0d8cc71cef74a873b3353337ea2c, type: 2}
      propertyPath: m_Materials.Array.data[0]
      value: 
      objectReference: {fileID: 1925594446}
    - target: {fileID: 400000, guid: 384a0d8cc71cef74a873b3353337ea2c, type: 2}
      propertyPath: m_LocalScale.x
      value: 1.333333
      objectReference: {fileID: 0}
    - target: {fileID: 400000, guid: 384a0d8cc71cef74a873b3353337ea2c, type: 2}
      propertyPath: m_LocalScale.y
      value: 1.333333
      objectReference: {fileID: 0}
    - target: {fileID: 400000, guid: 384a0d8cc71cef74a873b3353337ea2c, type: 2}
      propertyPath: m_LocalScale.z
      value: 1.333333
      objectReference: {fileID: 0}
    - target: {fileID: 11400000, guid: 384a0d8cc71cef74a873b3353337ea2c, type: 2}
      propertyPath: mExtendedTracking
      value: 0
      objectReference: {fileID: 0}
    - target: {fileID: 100000, guid: 384a0d8cc71cef74a873b3353337ea2c, type: 2}
      propertyPath: m_Name
      value: SceneTarget
      objectReference: {fileID: 0}
    m_RemovedComponents: []
  m_ParentPrefab: {fileID: 100100000, guid: 384a0d8cc71cef74a873b3353337ea2c, type: 2}
  m_RootGameObject: {fileID: 1956934567}
  m_IsPrefabParent: 0
--- !u!1 &198885945
GameObject:
  m_ObjectHideFlags: 0
  m_PrefabParentObject: {fileID: 187918, guid: 77a599bd67f72e24999e1d5d60f433d0, type: 2}
  m_PrefabInternal: {fileID: 1225381830}
  serializedVersion: 4
  m_Component:
  - 4: {fileID: 198885946}
  - 95: {fileID: 198885947}
  m_Layer: 0
  m_Name: Tower
  m_TagString: Untagged
  m_Icon: {fileID: 0}
  m_NavMeshLayer: 0
  m_StaticEditorFlags: 0
  m_IsActive: 1
--- !u!4 &198885946
Transform:
  m_ObjectHideFlags: 0
  m_PrefabParentObject: {fileID: 411524, guid: 77a599bd67f72e24999e1d5d60f433d0, type: 2}
  m_PrefabInternal: {fileID: 1225381830}
  m_GameObject: {fileID: 198885945}
  m_LocalRotation: {x: 0, y: 0, z: 0, w: 1}
  m_LocalPosition: {x: 0, y: 0, z: 0}
  m_LocalScale: {x: 0.61603934, y: 0.61603934, z: 0.61603934}
  m_Children:
  - {fileID: 250521385}
  - {fileID: 1009957004}
  - {fileID: 126812613}
  - {fileID: 1834814858}
  - {fileID: 1964572356}
  - {fileID: 1857726354}
  m_Father: {fileID: 8413735}
  m_RootOrder: 0
--- !u!95 &198885947
Animator:
  serializedVersion: 3
  m_ObjectHideFlags: 0
  m_PrefabParentObject: {fileID: 9566220, guid: 77a599bd67f72e24999e1d5d60f433d0,
    type: 2}
  m_PrefabInternal: {fileID: 1225381830}
  m_GameObject: {fileID: 198885945}
  m_Enabled: 1
  m_Avatar: {fileID: 9000000, guid: d052d933598dac241a51c227cfe7a313, type: 3}
  m_Controller: {fileID: 0}
  m_CullingMode: 0
  m_UpdateMode: 0
  m_ApplyRootMotion: 0
  m_LinearVelocityBlending: 0
  m_WarningMessage: 
  m_HasTransformHierarchy: 1
  m_AllowConstantClipSamplingOptimization: 1
--- !u!1 &250521384
GameObject:
  m_ObjectHideFlags: 0
  m_PrefabParentObject: {fileID: 143350, guid: 77a599bd67f72e24999e1d5d60f433d0, type: 2}
  m_PrefabInternal: {fileID: 1225381830}
  serializedVersion: 4
  m_Component:
  - 4: {fileID: 250521385}
  - 33: {fileID: 250521387}
  - 23: {fileID: 250521386}
  m_Layer: 0
  m_Name: Banners
  m_TagString: Untagged
  m_Icon: {fileID: 0}
  m_NavMeshLayer: 0
  m_StaticEditorFlags: 0
  m_IsActive: 1
--- !u!4 &250521385
Transform:
  m_ObjectHideFlags: 0
  m_PrefabParentObject: {fileID: 409546, guid: 77a599bd67f72e24999e1d5d60f433d0, type: 2}
  m_PrefabInternal: {fileID: 1225381830}
  m_GameObject: {fileID: 250521384}
  m_LocalRotation: {x: -0.6830127, y: -0.18301271, z: -0.18301271, w: 0.6830127}
  m_LocalPosition: {x: 0, y: 0, z: 0}
  m_LocalScale: {x: 8.0505295, y: 8.0505295, z: 8.0505295}
  m_Children: []
  m_Father: {fileID: 198885946}
  m_RootOrder: 0
--- !u!23 &250521386
MeshRenderer:
  m_ObjectHideFlags: 0
  m_PrefabParentObject: {fileID: 2373996, guid: 77a599bd67f72e24999e1d5d60f433d0,
    type: 2}
  m_PrefabInternal: {fileID: 1225381830}
  m_GameObject: {fileID: 250521384}
  m_Enabled: 1
  m_CastShadows: 1
  m_ReceiveShadows: 1
  m_Materials:
  - {fileID: 2100000, guid: 6e06b6d0c696f9544b327c597d334766, type: 2}
  m_SubsetIndices: 
  m_StaticBatchRoot: {fileID: 0}
  m_UseLightProbes: 1
  m_ReflectionProbeUsage: 1
  m_ProbeAnchor: {fileID: 0}
  m_ScaleInLightmap: 1
  m_PreserveUVs: 0
  m_IgnoreNormalsForChartDetection: 0
  m_ImportantGI: 0
  m_MinimumChartSize: 4
  m_AutoUVMaxDistance: 0.5
  m_AutoUVMaxAngle: 89
  m_LightmapParameters: {fileID: 0}
  m_SortingLayerID: 0
  m_SortingOrder: 0
--- !u!33 &250521387
MeshFilter:
  m_ObjectHideFlags: 0
  m_PrefabParentObject: {fileID: 3386264, guid: 77a599bd67f72e24999e1d5d60f433d0,
    type: 2}
  m_PrefabInternal: {fileID: 1225381830}
  m_GameObject: {fileID: 250521384}
  m_Mesh: {fileID: 4300006, guid: d052d933598dac241a51c227cfe7a313, type: 3}
--- !u!1 &316990816
GameObject:
  m_ObjectHideFlags: 0
  m_PrefabParentObject: {fileID: 100012, guid: 60d96df94dbcd3441a307eb194e2071f, type: 2}
  m_PrefabInternal: {fileID: 351689289}
  serializedVersion: 4
  m_Component:
  - 4: {fileID: 316990817}
  - 114: {fileID: 316990820}
  - 114: {fileID: 316990819}
  - 136: {fileID: 316990818}
  m_Layer: 11
  m_Name: Multishottower
  m_TagString: Untagged
  m_Icon: {fileID: 0}
  m_NavMeshLayer: 0
  m_StaticEditorFlags: 0
  m_IsActive: 1
--- !u!4 &316990817
Transform:
  m_ObjectHideFlags: 0
  m_PrefabParentObject: {fileID: 400012, guid: 60d96df94dbcd3441a307eb194e2071f, type: 2}
  m_PrefabInternal: {fileID: 351689289}
  m_GameObject: {fileID: 316990816}
  m_LocalRotation: {x: 0, y: 0, z: 0, w: 1}
  m_LocalPosition: {x: 0, y: 0, z: 0}
  m_LocalScale: {x: 1, y: 1, z: 1}
  m_Children:
  - {fileID: 1104826447}
  - {fileID: 918697179}
  - {fileID: 705197876}
  m_Father: {fileID: 643256377}
  m_RootOrder: 0
--- !u!136 &316990818
CapsuleCollider:
  m_ObjectHideFlags: 0
  m_PrefabParentObject: {fileID: 13600000, guid: 60d96df94dbcd3441a307eb194e2071f,
    type: 2}
  m_PrefabInternal: {fileID: 351689289}
  m_GameObject: {fileID: 316990816}
  m_Material: {fileID: 0}
  m_IsTrigger: 0
  m_Enabled: 1
  m_Radius: 2.4
  m_Height: 11.3
  m_Direction: 1
  m_Center: {x: 0, y: 3.6, z: 0}
--- !u!114 &316990819
MonoBehaviour:
  m_ObjectHideFlags: 0
  m_PrefabParentObject: {fileID: 11400000, guid: 60d96df94dbcd3441a307eb194e2071f,
    type: 2}
  m_PrefabInternal: {fileID: 351689289}
  m_GameObject: {fileID: 316990816}
  m_Enabled: 1
  m_EditorHideFlags: 0
  m_Script: {fileID: 11500000, guid: 3ad32af8adf4bf649a26d38a17fc9ec4, type: 3}
  m_Name: 
  m_EditorClassIdentifier: 
  curLvl: 0
  options:
  - cost:
    - 50
    radius: 14
    damage: 5
    shootDelay: 3
    targetCount: 3
    swapModel: {fileID: 0}
  - cost:
    - 10
    radius: 16
    damage: 6
    shootDelay: 3
    targetCount: 3
    swapModel: {fileID: 0}
  - cost:
    - 10
    radius: 18
    damage: 7
    shootDelay: 2.8
    targetCount: 3
    swapModel: {fileID: 0}
  - cost:
    - 10
    radius: 20
    damage: 7
    shootDelay: 2.6
    targetCount: 3
    swapModel: {fileID: 0}
  - cost:
    - 10
    radius: 20
    damage: 7
    shootDelay: 2.4
    targetCount: 3
    swapModel: {fileID: 0}
  - cost:
    - 10
    radius: 20
    damage: 8
    shootDelay: 2.2
    targetCount: 3
    swapModel: {fileID: 0}
--- !u!114 &316990820
MonoBehaviour:
  m_ObjectHideFlags: 0
  m_PrefabParentObject: {fileID: 11400004, guid: 60d96df94dbcd3441a307eb194e2071f,
    type: 2}
  m_PrefabInternal: {fileID: 351689289}
  m_GameObject: {fileID: 316990816}
  m_Enabled: 0
  m_EditorHideFlags: 0
  m_Script: {fileID: 11500000, guid: f67ea5bffedd34d4aa52de5e7000e8d1, type: 3}
  m_Name: 
  m_EditorClassIdentifier: 
  projectile: {fileID: 100000, guid: 03833a08843ff3346a90290d6381b899, type: 2}
  shotPos: {fileID: 1104826447}
  shotSound: {fileID: 8300000, guid: 11337dc6cc8192e4d8a8ba9c4184f4b7, type: 3}
  rangeInd: {fileID: 749725781}
  turret: {fileID: 0}
  shotAngle: 0
  lastShot: 0
  inRange: []
  myTargets: 2
  shootOrder: 0
  currentTarget: {fileID: 0}
  damageMultiplier: 3
  projSpacing: 3
  upgrade: {fileID: 0}
--- !u!1001 &351689289
Prefab:
  m_ObjectHideFlags: 0
  serializedVersion: 2
  m_Modification:
    m_TransformParent: {fileID: 0}
    m_Modifications:
    - target: {fileID: 400000, guid: 60d96df94dbcd3441a307eb194e2071f, type: 2}
      propertyPath: m_LocalPosition.x
      value: -10.68
      objectReference: {fileID: 0}
    - target: {fileID: 400000, guid: 60d96df94dbcd3441a307eb194e2071f, type: 2}
      propertyPath: m_LocalPosition.y
      value: -1.78
      objectReference: {fileID: 0}
    - target: {fileID: 400000, guid: 60d96df94dbcd3441a307eb194e2071f, type: 2}
      propertyPath: m_LocalPosition.z
      value: 3.7934728
      objectReference: {fileID: 0}
    - target: {fileID: 400000, guid: 60d96df94dbcd3441a307eb194e2071f, type: 2}
      propertyPath: m_LocalRotation.x
      value: 0
      objectReference: {fileID: 0}
    - target: {fileID: 400000, guid: 60d96df94dbcd3441a307eb194e2071f, type: 2}
      propertyPath: m_LocalRotation.y
      value: 0
      objectReference: {fileID: 0}
    - target: {fileID: 400000, guid: 60d96df94dbcd3441a307eb194e2071f, type: 2}
      propertyPath: m_LocalRotation.z
      value: 0
      objectReference: {fileID: 0}
    - target: {fileID: 400000, guid: 60d96df94dbcd3441a307eb194e2071f, type: 2}
      propertyPath: m_LocalRotation.w
      value: 1
      objectReference: {fileID: 0}
    - target: {fileID: 400000, guid: 60d96df94dbcd3441a307eb194e2071f, type: 2}
      propertyPath: m_RootOrder
      value: 1
      objectReference: {fileID: 0}
    m_RemovedComponents: []
  m_ParentPrefab: {fileID: 100100000, guid: 60d96df94dbcd3441a307eb194e2071f, type: 2}
  m_RootGameObject: {fileID: 643256376}
  m_IsPrefabParent: 0
--- !u!1 &370802644
GameObject:
  m_ObjectHideFlags: 0
  m_PrefabParentObject: {fileID: 0}
  m_PrefabInternal: {fileID: 0}
  serializedVersion: 4
  m_Component:
  - 4: {fileID: 370802646}
  - 108: {fileID: 370802645}
  m_Layer: 0
  m_Name: Directional Light
  m_TagString: Untagged
  m_Icon: {fileID: 0}
  m_NavMeshLayer: 0
  m_StaticEditorFlags: 0
  m_IsActive: 1
--- !u!108 &370802645
Light:
  m_ObjectHideFlags: 0
  m_PrefabParentObject: {fileID: 0}
  m_PrefabInternal: {fileID: 0}
  m_GameObject: {fileID: 370802644}
  m_Enabled: 1
  serializedVersion: 6
  m_Type: 1
  m_Color: {r: 1, g: 0.95686275, b: 0.8392157, a: 1}
  m_Intensity: 1
  m_Range: 10
  m_SpotAngle: 30
  m_CookieSize: 10
  m_Shadows:
    m_Type: 2
    m_Resolution: -1
    m_Strength: 1
    m_Bias: 0.05
    m_NormalBias: 0.4
    m_NearPlane: 0.2
  m_Cookie: {fileID: 0}
  m_DrawHalo: 0
  m_Flare: {fileID: 0}
  m_RenderMode: 0
  m_CullingMask:
    serializedVersion: 2
    m_Bits: 4294967295
  m_Lightmapping: 4
  m_BounceIntensity: 1
  m_ShadowRadius: 0
  m_ShadowAngle: 0
  m_AreaSize: {x: 1, y: 1}
--- !u!4 &370802646
Transform:
  m_ObjectHideFlags: 0
  m_PrefabParentObject: {fileID: 0}
  m_PrefabInternal: {fileID: 0}
  m_GameObject: {fileID: 370802644}
  m_LocalRotation: {x: 0.40821794, y: -0.23456973, z: 0.109381676, w: 0.87542605}
  m_LocalPosition: {x: 0, y: 3, z: 0}
  m_LocalScale: {x: 1, y: 1, z: 1}
  m_Children: []
  m_Father: {fileID: 0}
  m_RootOrder: 0
--- !u!43 &532359790
Mesh:
  m_ObjectHideFlags: 0
  m_PrefabParentObject: {fileID: 0}
  m_PrefabInternal: {fileID: 0}
  m_Name: 
  serializedVersion: 8
  m_SubMeshes:
  - serializedVersion: 2
    firstByte: 0
    indexCount: 6
    topology: 0
    firstVertex: 0
    vertexCount: 4
    localAABB:
      m_Center: {x: 0, y: 0, z: 0}
      m_Extent: {x: 0.30801967, y: 0, z: 0.5}
  m_Shapes:
    vertices: []
    shapes: []
    channels: []
    fullWeights: []
  m_BindPose: []
  m_BoneNameHashes: 
  m_RootBoneNameHash: 0
  m_MeshCompression: 0
  m_IsReadable: 1
  m_KeepVertices: 1
  m_KeepIndices: 1
  m_IndexBuffer: 000001000200020001000300
  m_Skin: []
  m_VertexData:
    m_CurrentChannels: 11
    m_VertexCount: 4
    m_Channels:
    - stream: 0
      offset: 0
      format: 0
      dimension: 3
    - stream: 0
      offset: 12
      format: 0
      dimension: 3
    - stream: 0
      offset: 0
      format: 0
      dimension: 0
    - stream: 0
      offset: 24
      format: 0
      dimension: 2
    - stream: 0
      offset: 0
      format: 0
      dimension: 0
    - stream: 0
      offset: 0
      format: 0
      dimension: 0
    - stream: 0
      offset: 0
      format: 0
      dimension: 0
    - stream: 0
      offset: 0
      format: 0
      dimension: 0
    m_DataSize: 128
    _typelessdata: c1b49dbe00000000000000bf000000000000803f000000000000000000000000c1b49dbe000000000000003f000000000000803f00000000000000000000803fc1b49d3e00000000000000bf000000000000803f000000000000803f00000000c1b49d3e000000000000003f000000000000803f000000000000803f0000803f
  m_CompressedMesh:
    m_Vertices:
      m_NumItems: 0
      m_Range: 0
      m_Start: 0
      m_Data: 
      m_BitSize: 0
    m_UV:
      m_NumItems: 0
      m_Range: 0
      m_Start: 0
      m_Data: 
      m_BitSize: 0
    m_Normals:
      m_NumItems: 0
      m_Range: 0
      m_Start: 0
      m_Data: 
      m_BitSize: 0
    m_Tangents:
      m_NumItems: 0
      m_Range: 0
      m_Start: 0
      m_Data: 
      m_BitSize: 0
    m_Weights:
      m_NumItems: 0
      m_Data: 
      m_BitSize: 0
    m_NormalSigns:
      m_NumItems: 0
      m_Data: 
      m_BitSize: 0
    m_TangentSigns:
      m_NumItems: 0
      m_Data: 
      m_BitSize: 0
    m_FloatColors:
      m_NumItems: 0
      m_Range: 0
      m_Start: 0
      m_Data: 
      m_BitSize: 0
    m_BoneIndices:
      m_NumItems: 0
      m_Data: 
      m_BitSize: 0
    m_Triangles:
      m_NumItems: 0
      m_Data: 
      m_BitSize: 0
    m_UVInfo: 0
  m_LocalAABB:
    m_Center: {x: 0, y: 0, z: 0}
    m_Extent: {x: 0.30801967, y: 0, z: 0.5}
  m_MeshUsageFlags: 0
  m_BakedConvexCollisionMesh: 
  m_BakedTriangleCollisionMesh: 
  m_MeshOptimized: 0
--- !u!1 &643256376
GameObject:
  m_ObjectHideFlags: 0
  m_PrefabParentObject: {fileID: 100000, guid: 60d96df94dbcd3441a307eb194e2071f, type: 2}
  m_PrefabInternal: {fileID: 351689289}
  serializedVersion: 4
  m_Component:
  - 4: {fileID: 643256377}
  m_Layer: 0
  m_Name: MultishotTower
  m_TagString: Untagged
  m_Icon: {fileID: 0}
  m_NavMeshLayer: 0
  m_StaticEditorFlags: 0
  m_IsActive: 1
--- !u!4 &643256377
Transform:
  m_ObjectHideFlags: 0
  m_PrefabParentObject: {fileID: 400000, guid: 60d96df94dbcd3441a307eb194e2071f, type: 2}
  m_PrefabInternal: {fileID: 351689289}
  m_GameObject: {fileID: 643256376}
  m_LocalRotation: {x: 0, y: 0, z: 0, w: 1}
  m_LocalPosition: {x: -10.68, y: -1.78, z: 3.7934728}
  m_LocalScale: {x: 1, y: 1, z: 1}
  m_Children:
  - {fileID: 316990817}
  - {fileID: 749725782}
  - {fileID: 2076280258}
  m_Father: {fileID: 0}
  m_RootOrder: 2
--- !u!1 &705197875
GameObject:
  m_ObjectHideFlags: 0
  m_PrefabParentObject: {fileID: 100008, guid: 60d96df94dbcd3441a307eb194e2071f, type: 2}
  m_PrefabInternal: {fileID: 351689289}
  serializedVersion: 4
  m_Component:
  - 4: {fileID: 705197876}
  - 33: {fileID: 705197878}
  - 23: {fileID: 705197877}
  m_Layer: 0
  m_Name: tower
  m_TagString: Untagged
  m_Icon: {fileID: 0}
  m_NavMeshLayer: 0
  m_StaticEditorFlags: 0
  m_IsActive: 1
--- !u!4 &705197876
Transform:
  m_ObjectHideFlags: 0
  m_PrefabParentObject: {fileID: 400008, guid: 60d96df94dbcd3441a307eb194e2071f, type: 2}
  m_PrefabInternal: {fileID: 351689289}
  m_GameObject: {fileID: 705197875}
  m_LocalRotation: {x: 0, y: 0, z: 0, w: 1}
  m_LocalPosition: {x: 0, y: 0, z: 0}
  m_LocalScale: {x: 1, y: 1, z: 1}
  m_Children: []
  m_Father: {fileID: 316990817}
  m_RootOrder: 2
--- !u!23 &705197877
MeshRenderer:
  m_ObjectHideFlags: 0
  m_PrefabParentObject: {fileID: 2300000, guid: 60d96df94dbcd3441a307eb194e2071f,
    type: 2}
  m_PrefabInternal: {fileID: 351689289}
  m_GameObject: {fileID: 705197875}
  m_Enabled: 1
  m_CastShadows: 1
  m_ReceiveShadows: 1
  m_Materials:
  - {fileID: 2100000, guid: cac8a7bd00d3a6e4280786b0a30eded8, type: 2}
  m_SubsetIndices: 
  m_StaticBatchRoot: {fileID: 0}
  m_UseLightProbes: 0
  m_ReflectionProbeUsage: 1
  m_ProbeAnchor: {fileID: 0}
  m_ScaleInLightmap: 1
  m_PreserveUVs: 0
  m_IgnoreNormalsForChartDetection: 0
  m_ImportantGI: 0
  m_MinimumChartSize: 4
  m_AutoUVMaxDistance: 0.5
  m_AutoUVMaxAngle: 89
  m_LightmapParameters: {fileID: 0}
  m_SortingLayerID: 0
  m_SortingOrder: 0
--- !u!33 &705197878
MeshFilter:
  m_ObjectHideFlags: 0
  m_PrefabParentObject: {fileID: 3300000, guid: 60d96df94dbcd3441a307eb194e2071f,
    type: 2}
  m_PrefabInternal: {fileID: 351689289}
  m_GameObject: {fileID: 705197875}
  m_Mesh: {fileID: 4300002, guid: 213bd18ab95313a4a8c099910d689482, type: 3}
--- !u!1 &749725781
GameObject:
  m_ObjectHideFlags: 0
  m_PrefabParentObject: {fileID: 100002, guid: 60d96df94dbcd3441a307eb194e2071f, type: 2}
  m_PrefabInternal: {fileID: 351689289}
  serializedVersion: 4
  m_Component:
  - 4: {fileID: 749725782}
  - 33: {fileID: 749725784}
  - 23: {fileID: 749725783}
  m_Layer: 2
  m_Name: RangeIndicator
  m_TagString: Untagged
  m_Icon: {fileID: 0}
  m_NavMeshLayer: 0
  m_StaticEditorFlags: 0
  m_IsActive: 1
--- !u!4 &749725782
Transform:
  m_ObjectHideFlags: 0
  m_PrefabParentObject: {fileID: 400002, guid: 60d96df94dbcd3441a307eb194e2071f, type: 2}
  m_PrefabInternal: {fileID: 351689289}
  m_GameObject: {fileID: 749725781}
  m_LocalRotation: {x: 0, y: 0, z: 0, w: 1}
  m_LocalPosition: {x: 0, y: 0.2, z: 0}
  m_LocalScale: {x: 1, y: 1, z: 1}
  m_Children: []
  m_Father: {fileID: 643256377}
  m_RootOrder: 1
--- !u!23 &749725783
MeshRenderer:
  m_ObjectHideFlags: 0
  m_PrefabParentObject: {fileID: 2300002, guid: 60d96df94dbcd3441a307eb194e2071f,
    type: 2}
  m_PrefabInternal: {fileID: 351689289}
  m_GameObject: {fileID: 749725781}
  m_Enabled: 0
  m_CastShadows: 0
  m_ReceiveShadows: 0
  m_Materials:
  - {fileID: 2100000, guid: a91a472bc94358b4499b683fd8d03cae, type: 2}
  m_SubsetIndices: 
  m_StaticBatchRoot: {fileID: 0}
  m_UseLightProbes: 0
  m_ReflectionProbeUsage: 1
  m_ProbeAnchor: {fileID: 0}
  m_ScaleInLightmap: 1
  m_PreserveUVs: 0
  m_IgnoreNormalsForChartDetection: 0
  m_ImportantGI: 0
  m_MinimumChartSize: 4
  m_AutoUVMaxDistance: 0.5
  m_AutoUVMaxAngle: 89
  m_LightmapParameters: {fileID: 0}
  m_SortingLayerID: 0
  m_SortingOrder: 0
--- !u!33 &749725784
MeshFilter:
  m_ObjectHideFlags: 0
  m_PrefabParentObject: {fileID: 3300002, guid: 60d96df94dbcd3441a307eb194e2071f,
    type: 2}
  m_PrefabInternal: {fileID: 351689289}
  m_GameObject: {fileID: 749725781}
  m_Mesh: {fileID: 4300000, guid: bd16343f74c546e44a9e4220d484de8c, type: 3}
--- !u!1 &918697178
GameObject:
  m_ObjectHideFlags: 0
  m_PrefabParentObject: {fileID: 100010, guid: 60d96df94dbcd3441a307eb194e2071f, type: 2}
  m_PrefabInternal: {fileID: 351689289}
  serializedVersion: 4
  m_Component:
  - 4: {fileID: 918697179}
  - 33: {fileID: 918697181}
  - 23: {fileID: 918697180}
  m_Layer: 0
  m_Name: top_arrows
  m_TagString: Untagged
  m_Icon: {fileID: 0}
  m_NavMeshLayer: 0
  m_StaticEditorFlags: 0
  m_IsActive: 1
--- !u!4 &918697179
Transform:
  m_ObjectHideFlags: 0
  m_PrefabParentObject: {fileID: 400010, guid: 60d96df94dbcd3441a307eb194e2071f, type: 2}
  m_PrefabInternal: {fileID: 351689289}
  m_GameObject: {fileID: 918697178}
  m_LocalRotation: {x: 0, y: 0, z: 0, w: 1}
  m_LocalPosition: {x: 0, y: 0, z: 0}
  m_LocalScale: {x: 1, y: 1, z: 1}
  m_Children: []
  m_Father: {fileID: 316990817}
  m_RootOrder: 1
--- !u!23 &918697180
MeshRenderer:
  m_ObjectHideFlags: 0
  m_PrefabParentObject: {fileID: 2300004, guid: 60d96df94dbcd3441a307eb194e2071f,
    type: 2}
  m_PrefabInternal: {fileID: 351689289}
  m_GameObject: {fileID: 918697178}
  m_Enabled: 1
  m_CastShadows: 1
  m_ReceiveShadows: 1
  m_Materials:
  - {fileID: 2100000, guid: 3ff8e947b36660a46ab334161bac688b, type: 2}
  m_SubsetIndices: 
  m_StaticBatchRoot: {fileID: 0}
  m_UseLightProbes: 0
  m_ReflectionProbeUsage: 1
  m_ProbeAnchor: {fileID: 0}
  m_ScaleInLightmap: 1
  m_PreserveUVs: 0
  m_IgnoreNormalsForChartDetection: 0
  m_ImportantGI: 0
  m_MinimumChartSize: 4
  m_AutoUVMaxDistance: 0.5
  m_AutoUVMaxAngle: 89
  m_LightmapParameters: {fileID: 0}
  m_SortingLayerID: 0
  m_SortingOrder: 0
--- !u!33 &918697181
MeshFilter:
  m_ObjectHideFlags: 0
  m_PrefabParentObject: {fileID: 3300004, guid: 60d96df94dbcd3441a307eb194e2071f,
    type: 2}
  m_PrefabInternal: {fileID: 351689289}
  m_GameObject: {fileID: 918697178}
  m_Mesh: {fileID: 4300000, guid: 213bd18ab95313a4a8c099910d689482, type: 3}
--- !u!4 &1004914418
Transform:
  m_ObjectHideFlags: 0
  m_PrefabParentObject: {fileID: 400000, guid: 384a0d8cc71cef74a873b3353337ea2c, type: 2}
  m_PrefabInternal: {fileID: 168138633}
  m_GameObject: {fileID: 1956934567}
  m_LocalRotation: {x: 0, y: 0, z: 0, w: 1}
  m_LocalPosition: {x: 0, y: 0, z: 0}
  m_LocalScale: {x: 1.333333, y: 1.333333, z: 1.333333}
  m_Children:
  - {fileID: 1568369497}
  m_Father: {fileID: 0}
  m_RootOrder: 3
--- !u!1 &1009957003
GameObject:
  m_ObjectHideFlags: 0
  m_PrefabParentObject: {fileID: 145246, guid: 77a599bd67f72e24999e1d5d60f433d0, type: 2}
  m_PrefabInternal: {fileID: 1225381830}
  serializedVersion: 4
  m_Component:
  - 4: {fileID: 1009957004}
  - 33: {fileID: 1009957006}
  - 23: {fileID: 1009957005}
  m_Layer: 0
  m_Name: Blocks
  m_TagString: Untagged
  m_Icon: {fileID: 0}
  m_NavMeshLayer: 0
  m_StaticEditorFlags: 0
  m_IsActive: 1
--- !u!4 &1009957004
Transform:
  m_ObjectHideFlags: 0
  m_PrefabParentObject: {fileID: 458352, guid: 77a599bd67f72e24999e1d5d60f433d0, type: 2}
  m_PrefabInternal: {fileID: 1225381830}
  m_GameObject: {fileID: 1009957003}
  m_LocalRotation: {x: -0.6982129, y: -0.11179779, z: -0.11179779, w: 0.6982129}
  m_LocalPosition: {x: 0, y: 0, z: 0}
  m_LocalScale: {x: 9.99775, y: 9.997751, z: 9.99775}
  m_Children: []
  m_Father: {fileID: 198885946}
  m_RootOrder: 1
--- !u!23 &1009957005
MeshRenderer:
  m_ObjectHideFlags: 0
  m_PrefabParentObject: {fileID: 2327856, guid: 77a599bd67f72e24999e1d5d60f433d0,
    type: 2}
  m_PrefabInternal: {fileID: 1225381830}
  m_GameObject: {fileID: 1009957003}
  m_Enabled: 1
  m_CastShadows: 1
  m_ReceiveShadows: 1
  m_Materials:
  - {fileID: 2100000, guid: 6e06b6d0c696f9544b327c597d334766, type: 2}
  m_SubsetIndices: 
  m_StaticBatchRoot: {fileID: 0}
  m_UseLightProbes: 1
  m_ReflectionProbeUsage: 1
  m_ProbeAnchor: {fileID: 0}
  m_ScaleInLightmap: 1
  m_PreserveUVs: 0
  m_IgnoreNormalsForChartDetection: 0
  m_ImportantGI: 0
  m_MinimumChartSize: 4
  m_AutoUVMaxDistance: 0.5
  m_AutoUVMaxAngle: 89
  m_LightmapParameters: {fileID: 0}
  m_SortingLayerID: 0
  m_SortingOrder: 0
--- !u!33 &1009957006
MeshFilter:
  m_ObjectHideFlags: 0
  m_PrefabParentObject: {fileID: 3328912, guid: 77a599bd67f72e24999e1d5d60f433d0,
    type: 2}
  m_PrefabInternal: {fileID: 1225381830}
  m_GameObject: {fileID: 1009957003}
  m_Mesh: {fileID: 4300002, guid: d052d933598dac241a51c227cfe7a313, type: 3}
--- !u!1001 &1082321046
Prefab:
  m_ObjectHideFlags: 0
  serializedVersion: 2
  m_Modification:
    m_TransformParent: {fileID: 0}
    m_Modifications:
    - target: {fileID: 400000, guid: 384a0d8cc71cef74a873b3353337ea2c, type: 2}
      propertyPath: m_LocalPosition.x
      value: 1
      objectReference: {fileID: 0}
    - target: {fileID: 400000, guid: 384a0d8cc71cef74a873b3353337ea2c, type: 2}
      propertyPath: m_LocalPosition.y
      value: 0
      objectReference: {fileID: 0}
    - target: {fileID: 400000, guid: 384a0d8cc71cef74a873b3353337ea2c, type: 2}
      propertyPath: m_LocalPosition.z
      value: 0
      objectReference: {fileID: 0}
    - target: {fileID: 400000, guid: 384a0d8cc71cef74a873b3353337ea2c, type: 2}
      propertyPath: m_LocalRotation.x
      value: 0
      objectReference: {fileID: 0}
    - target: {fileID: 400000, guid: 384a0d8cc71cef74a873b3353337ea2c, type: 2}
      propertyPath: m_LocalRotation.y
      value: 0
      objectReference: {fileID: 0}
    - target: {fileID: 400000, guid: 384a0d8cc71cef74a873b3353337ea2c, type: 2}
      propertyPath: m_LocalRotation.z
      value: 0
      objectReference: {fileID: 0}
    - target: {fileID: 400000, guid: 384a0d8cc71cef74a873b3353337ea2c, type: 2}
      propertyPath: m_LocalRotation.w
      value: 1
      objectReference: {fileID: 0}
    - target: {fileID: 400000, guid: 384a0d8cc71cef74a873b3353337ea2c, type: 2}
      propertyPath: m_RootOrder
      value: 3
      objectReference: {fileID: 0}
    - target: {fileID: 11400000, guid: 384a0d8cc71cef74a873b3353337ea2c, type: 2}
      propertyPath: mPreviousScale.x
      value: 1.623273
      objectReference: {fileID: 0}
    - target: {fileID: 11400000, guid: 384a0d8cc71cef74a873b3353337ea2c, type: 2}
      propertyPath: mPreviousScale.y
      value: 1.623273
      objectReference: {fileID: 0}
    - target: {fileID: 11400000, guid: 384a0d8cc71cef74a873b3353337ea2c, type: 2}
      propertyPath: mPreviousScale.z
      value: 1.623273
      objectReference: {fileID: 0}
    - target: {fileID: 3300000, guid: 384a0d8cc71cef74a873b3353337ea2c, type: 2}
      propertyPath: m_Mesh
      value: 
      objectReference: {fileID: 532359790}
    - target: {fileID: 11400000, guid: 384a0d8cc71cef74a873b3353337ea2c, type: 2}
      propertyPath: mTrackableName
      value: 7deespada
      objectReference: {fileID: 0}
    - target: {fileID: 11400000, guid: 384a0d8cc71cef74a873b3353337ea2c, type: 2}
      propertyPath: mInitializedInEditor
      value: 1
      objectReference: {fileID: 0}
    - target: {fileID: 11400000, guid: 384a0d8cc71cef74a873b3353337ea2c, type: 2}
      propertyPath: mDataSetPath
      value: QCAR/VuforiaTest.xml
      objectReference: {fileID: 0}
    - target: {fileID: 11400000, guid: 384a0d8cc71cef74a873b3353337ea2c, type: 2}
      propertyPath: mAspectRatio
      value: 1.623273
      objectReference: {fileID: 0}
    - target: {fileID: 2300000, guid: 384a0d8cc71cef74a873b3353337ea2c, type: 2}
      propertyPath: m_Materials.Array.data[0]
      value: 
      objectReference: {fileID: 41338597}
    - target: {fileID: 400000, guid: 384a0d8cc71cef74a873b3353337ea2c, type: 2}
      propertyPath: m_LocalScale.x
      value: 1.623273
      objectReference: {fileID: 0}
    - target: {fileID: 400000, guid: 384a0d8cc71cef74a873b3353337ea2c, type: 2}
      propertyPath: m_LocalScale.y
      value: 1.623273
      objectReference: {fileID: 0}
    - target: {fileID: 400000, guid: 384a0d8cc71cef74a873b3353337ea2c, type: 2}
      propertyPath: m_LocalScale.z
      value: 1.623273
      objectReference: {fileID: 0}
    - target: {fileID: 11400000, guid: 384a0d8cc71cef74a873b3353337ea2c, type: 2}
      propertyPath: mExtendedTracking
      value: 0
      objectReference: {fileID: 0}
    - target: {fileID: 100000, guid: 384a0d8cc71cef74a873b3353337ea2c, type: 2}
      propertyPath: m_Name
      value: TowerTarget
      objectReference: {fileID: 0}
    m_RemovedComponents: []
  m_ParentPrefab: {fileID: 100100000, guid: 384a0d8cc71cef74a873b3353337ea2c, type: 2}
  m_RootGameObject: {fileID: 2083705167}
  m_IsPrefabParent: 0
--- !u!1 &1104826446
GameObject:
  m_ObjectHideFlags: 0
  m_PrefabParentObject: {fileID: 100004, guid: 60d96df94dbcd3441a307eb194e2071f, type: 2}
  m_PrefabInternal: {fileID: 351689289}
  serializedVersion: 4
  m_Component:
  - 4: {fileID: 1104826447}
  m_Layer: 2
  m_Name: shootPos
  m_TagString: Untagged
  m_Icon: {fileID: 0}
  m_NavMeshLayer: 0
  m_StaticEditorFlags: 0
  m_IsActive: 1
--- !u!4 &1104826447
Transform:
  m_ObjectHideFlags: 0
  m_PrefabParentObject: {fileID: 400004, guid: 60d96df94dbcd3441a307eb194e2071f, type: 2}
  m_PrefabInternal: {fileID: 351689289}
  m_GameObject: {fileID: 1104826446}
  m_LocalRotation: {x: 0, y: 0, z: 0, w: 1}
  m_LocalPosition: {x: 0, y: 7, z: 0}
  m_LocalScale: {x: 1, y: 1, z: 1}
  m_Children: []
  m_Father: {fileID: 316990817}
  m_RootOrder: 0
--- !u!1001 &1225381830
Prefab:
  m_ObjectHideFlags: 0
  serializedVersion: 2
  m_Modification:
    m_TransformParent: {fileID: 8413735}
    m_Modifications:
    - target: {fileID: 411524, guid: 77a599bd67f72e24999e1d5d60f433d0, type: 2}
      propertyPath: m_LocalPosition.x
      value: 0
      objectReference: {fileID: 0}
    - target: {fileID: 411524, guid: 77a599bd67f72e24999e1d5d60f433d0, type: 2}
      propertyPath: m_LocalPosition.y
      value: 0
      objectReference: {fileID: 0}
    - target: {fileID: 411524, guid: 77a599bd67f72e24999e1d5d60f433d0, type: 2}
      propertyPath: m_LocalPosition.z
      value: 0
      objectReference: {fileID: 0}
    - target: {fileID: 411524, guid: 77a599bd67f72e24999e1d5d60f433d0, type: 2}
      propertyPath: m_LocalRotation.x
      value: 0
      objectReference: {fileID: 0}
    - target: {fileID: 411524, guid: 77a599bd67f72e24999e1d5d60f433d0, type: 2}
      propertyPath: m_LocalRotation.y
      value: 0
      objectReference: {fileID: 0}
    - target: {fileID: 411524, guid: 77a599bd67f72e24999e1d5d60f433d0, type: 2}
      propertyPath: m_LocalRotation.z
      value: 0
      objectReference: {fileID: 0}
    - target: {fileID: 411524, guid: 77a599bd67f72e24999e1d5d60f433d0, type: 2}
      propertyPath: m_LocalRotation.w
      value: 1
      objectReference: {fileID: 0}
    - target: {fileID: 411524, guid: 77a599bd67f72e24999e1d5d60f433d0, type: 2}
      propertyPath: m_RootOrder
      value: 0
      objectReference: {fileID: 0}
    - target: {fileID: 411524, guid: 77a599bd67f72e24999e1d5d60f433d0, type: 2}
      propertyPath: m_LocalScale.x
      value: 0.61603934
      objectReference: {fileID: 0}
    - target: {fileID: 411524, guid: 77a599bd67f72e24999e1d5d60f433d0, type: 2}
      propertyPath: m_LocalScale.y
      value: 0.61603934
      objectReference: {fileID: 0}
    - target: {fileID: 411524, guid: 77a599bd67f72e24999e1d5d60f433d0, type: 2}
      propertyPath: m_LocalScale.z
      value: 0.61603934
      objectReference: {fileID: 0}
    - target: {fileID: 187918, guid: 77a599bd67f72e24999e1d5d60f433d0, type: 2}
      propertyPath: m_Name
      value: Tower
      objectReference: {fileID: 0}
    m_RemovedComponents: []
  m_ParentPrefab: {fileID: 100100000, guid: 77a599bd67f72e24999e1d5d60f433d0, type: 2}
  m_RootGameObject: {fileID: 198885945}
  m_IsPrefabParent: 0
--- !u!1 &1470936729
GameObject:
  m_ObjectHideFlags: 0
  m_PrefabParentObject: {fileID: 100000, guid: bf30d577eead1ef40bcf2b404289daf4, type: 2}
  m_PrefabInternal: {fileID: 1949224983}
  serializedVersion: 4
  m_Component:
  - 4: {fileID: 1470936738}
  - 81: {fileID: 1470936737}
  - 114: {fileID: 1470936736}
  - 114: {fileID: 1470936735}
  - 114: {fileID: 1470936734}
  - 114: {fileID: 1470936733}
  - 114: {fileID: 1470936732}
  - 114: {fileID: 1470936731}
  - 114: {fileID: 1470936730}
  - 114: {fileID: 1470936739}
  - 114: {fileID: 1470936740}
  m_Layer: 0
  m_Name: ARCamera
  m_TagString: Untagged
  m_Icon: {fileID: 0}
  m_NavMeshLayer: 0
  m_StaticEditorFlags: 0
  m_IsActive: 1
--- !u!114 &1470936730
MonoBehaviour:
  m_ObjectHideFlags: 0
  m_PrefabParentObject: {fileID: 11400014, guid: bf30d577eead1ef40bcf2b404289daf4,
    type: 2}
  m_PrefabInternal: {fileID: 1949224983}
  m_GameObject: {fileID: 1470936729}
  m_Enabled: 1
  m_EditorHideFlags: 0
  m_Script: {fileID: 11500000, guid: 53da1adc3659e8c45996dbe2fd7113ae, type: 3}
  m_Name: 
  m_EditorClassIdentifier: 
--- !u!114 &1470936731
MonoBehaviour:
  m_ObjectHideFlags: 0
  m_PrefabParentObject: {fileID: 11400008, guid: bf30d577eead1ef40bcf2b404289daf4,
    type: 2}
  m_PrefabInternal: {fileID: 1949224983}
  m_GameObject: {fileID: 1470936729}
  m_Enabled: 1
  m_EditorHideFlags: 0
  m_Script: {fileID: 11500000, guid: c07a53e23300ce745946b494bd8c11e6, type: 3}
  m_Name: 
  m_EditorClassIdentifier: 
  mKeepARCameraAlive: 0
  mKeepTrackableBehavioursAlive: 0
  mKeepTextRecoBehaviourAlive: 0
  mKeepUDTBuildingBehaviourAlive: 0
  mKeepCloudRecoBehaviourAlive: 0
  mKeepSmartTerrainAlive: 0
--- !u!114 &1470936732
MonoBehaviour:
  m_ObjectHideFlags: 0
  m_PrefabParentObject: {fileID: 11400000, guid: bf30d577eead1ef40bcf2b404289daf4,
    type: 2}
  m_PrefabInternal: {fileID: 1949224983}
  m_GameObject: {fileID: 1470936729}
  m_Enabled: 1
  m_EditorHideFlags: 0
  m_Script: {fileID: 11500000, guid: 772bc9e597a4a8849b5ad887b7fef10f, type: 3}
  m_Name: 
  m_EditorClassIdentifier: 
  RenderTextureLayer: 30
  mPlayModeRenderVideo: 1
  mDeviceNameSetInEditor: 
  mFlipHorizontally: 0
  mTurnOffWebCam: 0
--- !u!114 &1470936733
MonoBehaviour:
  m_ObjectHideFlags: 0
  m_PrefabParentObject: {fileID: 11400018, guid: bf30d577eead1ef40bcf2b404289daf4,
    type: 2}
  m_PrefabInternal: {fileID: 1949224983}
  m_GameObject: {fileID: 1470936729}
  m_Enabled: 1
  m_EditorHideFlags: 0
  m_Script: {fileID: 11500000, guid: c0f29306fbc9e6f44a31463a40747c71, type: 3}
  m_Name: 
  m_EditorClassIdentifier: 
  mAutoInitTracker: 0
  mAutoStartTracker: 0
  mAutoInitBuilder: 0
  mSceneUnitsToMillimeter: 1
--- !u!114 &1470936734
MonoBehaviour:
  m_ObjectHideFlags: 0
  m_PrefabParentObject: {fileID: 11400002, guid: bf30d577eead1ef40bcf2b404289daf4,
    type: 2}
  m_PrefabInternal: {fileID: 1949224983}
  m_GameObject: {fileID: 1470936729}
  m_Enabled: 1
  m_EditorHideFlags: 0
  m_Script: {fileID: 11500000, guid: 67cbfb9153674e84d894cc7d53ffe720, type: 3}
  m_Name: 
  m_EditorClassIdentifier: 
  mDataSetsToLoad:
  - VuforiaTest
  mDataSetsToActivate:
  - VuforiaTest
  mExternalDatasetRoots: []
--- !u!114 &1470936735
MonoBehaviour:
  m_ObjectHideFlags: 0
  m_PrefabParentObject: {fileID: 11400004, guid: bf30d577eead1ef40bcf2b404289daf4,
    type: 2}
  m_PrefabInternal: {fileID: 1949224983}
  m_GameObject: {fileID: 1470936729}
  m_Enabled: 1
  m_EditorHideFlags: 0
  m_Script: {fileID: 11500000, guid: c47f92041efbb4b429a4eafca855ebe3, type: 3}
  m_Name: 
  m_EditorClassIdentifier: 
--- !u!114 &1470936736
MonoBehaviour:
  m_ObjectHideFlags: 0
  m_PrefabParentObject: {fileID: 11400006, guid: bf30d577eead1ef40bcf2b404289daf4,
    type: 2}
  m_PrefabInternal: {fileID: 1949224983}
  m_GameObject: {fileID: 1470936729}
  m_Enabled: 1
  m_EditorHideFlags: 0
  m_Script: {fileID: 11500000, guid: 4114ca95ba12f394a8ad43abfc86745c, type: 3}
  m_Name: 
  m_EditorClassIdentifier: 
  VuforiaLicenseKey: AaFyRSH/////AAAAAebRuSNp2U96svVyCgupiUxgl44L5O8i3p8VRTXL7hLJ+7Zm76mnbMNstE2ndqJjZmNKQf4aDCicN/BzD1GVf94fQS/8wQAEprP11pJUJ4xv7uhCjPsP3E8IN71jnluSCu1phFzSOIJAX7zcUOQvQ/F+6m6v+XKrDVCQBewk3JCuskVh+NzxY/D2eKTuvLh7ZxZ/dlYdFeL3aLt/4q05hkpukHEuAEg3wqL8SUyxyadfCQiYBDUZXSRnnZHm0wcRzxiLHw/2ybEvh6Rtb0+wHx8Z2lSQBYS/1zAO0UJLKDCXnqDga8aMsqFZLhvaD1k7nz1L/0gXcmvL18MCGBo2GDtcyooeql3L/MyJZWxphUDm
  mCameraOffset: 0
  mSkewFrustum: 1
  CameraDeviceModeSetting: -1
  MaxSimultaneousImageTargets: 2
  MaxSimultaneousObjectTargets: 1
  UseDelayedLoadingObjectTargets: 0
  CameraDirection: 0
  MirrorVideoBackground: 0
  mWorldCenterMode: 1
  mWorldCenter: {fileID: 0}
  mCentralAnchorPoint: {fileID: 1470936738}
  mParentAnchorPoint: {fileID: 1470936738}
  mPrimaryCamera: {fileID: 2067577313}
  mSecondaryCamera: {fileID: 0}
  mUsingHeadset: 0
  mHeadsetID: 
  mEyewearUserCalibrationProfileId: -1
  mSynchronizePoseUpdates: 0
--- !u!81 &1470936737
AudioListener:
  m_ObjectHideFlags: 0
  m_PrefabParentObject: {fileID: 8100000, guid: bf30d577eead1ef40bcf2b404289daf4,
    type: 2}
  m_PrefabInternal: {fileID: 1949224983}
  m_GameObject: {fileID: 1470936729}
  m_Enabled: 1
--- !u!4 &1470936738
Transform:
  m_ObjectHideFlags: 0
  m_PrefabParentObject: {fileID: 400000, guid: bf30d577eead1ef40bcf2b404289daf4, type: 2}
  m_PrefabInternal: {fileID: 1949224983}
  m_GameObject: {fileID: 1470936729}
  m_LocalRotation: {x: 0.7071069, y: 0, z: 0, w: 0.70710677}
  m_LocalPosition: {x: 200, y: 600, z: 100}
  m_LocalScale: {x: 1, y: 1, z: 1}
  m_Children:
  - {fileID: 2067577318}
  m_Father: {fileID: 0}
  m_RootOrder: 1
--- !u!114 &1470936739
MonoBehaviour:
  m_ObjectHideFlags: 0
  m_PrefabParentObject: {fileID: 0}
  m_PrefabInternal: {fileID: 0}
  m_GameObject: {fileID: 1470936729}
  m_Enabled: 1
  m_EditorHideFlags: 0
  m_Script: {fileID: 11500000, guid: a0940695e42b147b0ba2874fdbe07ba2, type: 3}
  m_Name: 
  m_EditorClassIdentifier: 
--- !u!114 &1470936740
MonoBehaviour:
  m_ObjectHideFlags: 0
  m_PrefabParentObject: {fileID: 0}
  m_PrefabInternal: {fileID: 0}
  m_GameObject: {fileID: 1470936729}
  m_Enabled: 1
  m_EditorHideFlags: 0
  m_Script: {fileID: 11500000, guid: 59d67337f519f482aac8b420537e5f52, type: 3}
  m_Name: 
  m_EditorClassIdentifier: 
  penguin: {fileID: 0}
  cameraDistance: 1
--- !u!1001 &1534957823
Prefab:
  m_ObjectHideFlags: 0
  serializedVersion: 2
  m_Modification:
    m_TransformParent: {fileID: 1004914418}
    m_Modifications:
    - target: {fileID: 400000, guid: 0890fc82feff73447ae5833573cacbc5, type: 3}
      propertyPath: m_LocalPosition.x
      value: 0
      objectReference: {fileID: 0}
    - target: {fileID: 400000, guid: 0890fc82feff73447ae5833573cacbc5, type: 3}
      propertyPath: m_LocalPosition.y
      value: 0.75
      objectReference: {fileID: 0}
    - target: {fileID: 400000, guid: 0890fc82feff73447ae5833573cacbc5, type: 3}
      propertyPath: m_LocalPosition.z
      value: 0
      objectReference: {fileID: 0}
    - target: {fileID: 400000, guid: 0890fc82feff73447ae5833573cacbc5, type: 3}
      propertyPath: m_LocalRotation.x
      value: -0.5
      objectReference: {fileID: 0}
    - target: {fileID: 400000, guid: 0890fc82feff73447ae5833573cacbc5, type: 3}
      propertyPath: m_LocalRotation.y
      value: -0.5
      objectReference: {fileID: 0}
    - target: {fileID: 400000, guid: 0890fc82feff73447ae5833573cacbc5, type: 3}
      propertyPath: m_LocalRotation.z
      value: -0.5
      objectReference: {fileID: 0}
    - target: {fileID: 400000, guid: 0890fc82feff73447ae5833573cacbc5, type: 3}
      propertyPath: m_LocalRotation.w
      value: 0.5
      objectReference: {fileID: 0}
    - target: {fileID: 400000, guid: 0890fc82feff73447ae5833573cacbc5, type: 3}
      propertyPath: m_RootOrder
      value: 0
      objectReference: {fileID: 0}
    - target: {fileID: 400000, guid: 0890fc82feff73447ae5833573cacbc5, type: 3}
      propertyPath: m_LocalScale.x
      value: 0.1
      objectReference: {fileID: 0}
    - target: {fileID: 400000, guid: 0890fc82feff73447ae5833573cacbc5, type: 3}
      propertyPath: m_LocalScale.y
      value: 0.1
      objectReference: {fileID: 0}
    - target: {fileID: 400000, guid: 0890fc82feff73447ae5833573cacbc5, type: 3}
      propertyPath: m_LocalScale.z
      value: 0.1
      objectReference: {fileID: 0}
    - target: {fileID: 100000, guid: 0890fc82feff73447ae5833573cacbc5, type: 3}
      propertyPath: m_Name
      value: Castle
      objectReference: {fileID: 0}
    m_RemovedComponents: []
  m_ParentPrefab: {fileID: 100100000, guid: 0890fc82feff73447ae5833573cacbc5, type: 3}
  m_RootGameObject: {fileID: 1568369496}
  m_IsPrefabParent: 0
--- !u!1 &1551840953
GameObject:
  m_ObjectHideFlags: 0
  m_PrefabParentObject: {fileID: 100004, guid: bf30d577eead1ef40bcf2b404289daf4, type: 2}
  m_PrefabInternal: {fileID: 1949224983}
  serializedVersion: 4
  m_Component:
  - 4: {fileID: 1551840954}
  - 23: {fileID: 1551840956}
  - 114: {fileID: 1551840955}
  m_Layer: 0
  m_Name: BackgroundPlane
  m_TagString: Untagged
  m_Icon: {fileID: 0}
  m_NavMeshLayer: 0
  m_StaticEditorFlags: 0
  m_IsActive: 1
--- !u!4 &1551840954
Transform:
  m_ObjectHideFlags: 0
  m_PrefabParentObject: {fileID: 400004, guid: bf30d577eead1ef40bcf2b404289daf4, type: 2}
  m_PrefabInternal: {fileID: 1949224983}
  m_GameObject: {fileID: 1551840953}
  m_LocalRotation: {x: 0.7071068, y: 0, z: 0, w: -0.7071068}
  m_LocalPosition: {x: 0, y: 0, z: 500}
  m_LocalScale: {x: 40, y: 40, z: 40}
  m_Children: []
  m_Father: {fileID: 2067577318}
  m_RootOrder: 0
--- !u!114 &1551840955
MonoBehaviour:
  m_ObjectHideFlags: 0
  m_PrefabParentObject: {fileID: 11400012, guid: bf30d577eead1ef40bcf2b404289daf4,
    type: 2}
  m_PrefabInternal: {fileID: 1949224983}
  m_GameObject: {fileID: 1551840953}
  m_Enabled: 1
  m_EditorHideFlags: 0
  m_Script: {fileID: 11500000, guid: b62dc8c390ae00c41a0ae52d79877662, type: 3}
  m_Name: 
  m_EditorClassIdentifier: 
  mNumDivisions: 2
--- !u!23 &1551840956
MeshRenderer:
  m_ObjectHideFlags: 0
  m_PrefabParentObject: {fileID: 2300000, guid: bf30d577eead1ef40bcf2b404289daf4,
    type: 2}
  m_PrefabInternal: {fileID: 1949224983}
  m_GameObject: {fileID: 1551840953}
  m_Enabled: 1
  m_CastShadows: 1
  m_ReceiveShadows: 1
  m_Materials:
  - {fileID: 2100000, guid: e6eb16febd64e6b4a8a3f5918233c4da, type: 2}
  m_SubsetIndices: 
  m_StaticBatchRoot: {fileID: 0}
  m_UseLightProbes: 0
  m_ReflectionProbeUsage: 1
  m_ProbeAnchor: {fileID: 0}
  m_ScaleInLightmap: 1
  m_PreserveUVs: 0
  m_IgnoreNormalsForChartDetection: 0
  m_ImportantGI: 0
  m_MinimumChartSize: 4
  m_AutoUVMaxDistance: 0.5
  m_AutoUVMaxAngle: 89
  m_LightmapParameters: {fileID: 0}
  m_SortingLayerID: 0
  m_SortingOrder: 0
--- !u!1 &1568369496
GameObject:
  m_ObjectHideFlags: 0
  m_PrefabParentObject: {fileID: 100000, guid: 0890fc82feff73447ae5833573cacbc5, type: 3}
  m_PrefabInternal: {fileID: 1534957823}
  serializedVersion: 4
  m_Component:
  - 4: {fileID: 1568369497}
  - 33: {fileID: 1568369501}
  - 23: {fileID: 1568369500}
  - 64: {fileID: 1568369499}
  - 111: {fileID: 1568369498}
  m_Layer: 0
  m_Name: Castle
  m_TagString: Untagged
  m_Icon: {fileID: 0}
  m_NavMeshLayer: 0
  m_StaticEditorFlags: 0
  m_IsActive: 1
--- !u!4 &1568369497
Transform:
  m_ObjectHideFlags: 0
  m_PrefabParentObject: {fileID: 400000, guid: 0890fc82feff73447ae5833573cacbc5, type: 3}
  m_PrefabInternal: {fileID: 1534957823}
  m_GameObject: {fileID: 1568369496}
  m_LocalRotation: {x: -0.5, y: -0.5, z: -0.5, w: 0.5}
  m_LocalPosition: {x: 0, y: 0.75, z: 0}
  m_LocalScale: {x: 0.1, y: 0.1, z: 0.1}
  m_Children: []
  m_Father: {fileID: 1004914418}
  m_RootOrder: 0
--- !u!111 &1568369498
Animation:
  m_ObjectHideFlags: 0
  m_PrefabParentObject: {fileID: 11100000, guid: 0890fc82feff73447ae5833573cacbc5,
    type: 3}
  m_PrefabInternal: {fileID: 1534957823}
  m_GameObject: {fileID: 1568369496}
  m_Enabled: 1
  serializedVersion: 3
  m_Animation: {fileID: 0}
  m_Animations: []
  m_WrapMode: 0
  m_PlayAutomatically: 1
  m_AnimatePhysics: 0
  m_CullingType: 0
--- !u!64 &1568369499
MeshCollider:
  m_ObjectHideFlags: 0
  m_PrefabParentObject: {fileID: 6400000, guid: 0890fc82feff73447ae5833573cacbc5,
    type: 3}
  m_PrefabInternal: {fileID: 1534957823}
  m_GameObject: {fileID: 1568369496}
  m_Material: {fileID: 0}
  m_IsTrigger: 0
  m_Enabled: 1
  serializedVersion: 2
  m_Convex: 0
  m_Mesh: {fileID: 4300000, guid: 0890fc82feff73447ae5833573cacbc5, type: 3}
--- !u!23 &1568369500
MeshRenderer:
  m_ObjectHideFlags: 0
  m_PrefabParentObject: {fileID: 2300000, guid: 0890fc82feff73447ae5833573cacbc5,
    type: 3}
  m_PrefabInternal: {fileID: 1534957823}
  m_GameObject: {fileID: 1568369496}
  m_Enabled: 1
  m_CastShadows: 1
  m_ReceiveShadows: 1
  m_Materials:
  - {fileID: 2100000, guid: 56612e875203a674fb469bca048286d5, type: 2}
  - {fileID: 2100000, guid: 1c9d3072d4099be488f986c399467249, type: 2}
  - {fileID: 2100000, guid: 0fadda4367fb8944f8ab4d7146ffc425, type: 2}
  - {fileID: 2100000, guid: b11d1bf6aa328b348b187a98cc08561a, type: 2}
  - {fileID: 2100000, guid: a1d3156a08cd65d49921c2bb3b5a9f7f, type: 2}
  - {fileID: 2100000, guid: 08b8ea7bcd77f0d4a8e94b0b1ccabdeb, type: 2}
  - {fileID: 2100000, guid: 3d975f49450c12f4e9ca21f934e23353, type: 2}
  - {fileID: 2100000, guid: 4c49a388e2fc3134aaa70fd107074430, type: 2}
  - {fileID: 2100000, guid: a6e1f96c538e1e543b313a6b54de66ca, type: 2}
  m_SubsetIndices: 
  m_StaticBatchRoot: {fileID: 0}
  m_UseLightProbes: 1
  m_ReflectionProbeUsage: 1
  m_ProbeAnchor: {fileID: 0}
  m_ScaleInLightmap: 1
  m_PreserveUVs: 0
  m_IgnoreNormalsForChartDetection: 0
  m_ImportantGI: 0
  m_MinimumChartSize: 4
  m_AutoUVMaxDistance: 0.5
  m_AutoUVMaxAngle: 89
  m_LightmapParameters: {fileID: 0}
  m_SortingLayerID: 0
  m_SortingOrder: 0
--- !u!33 &1568369501
MeshFilter:
  m_ObjectHideFlags: 0
  m_PrefabParentObject: {fileID: 3300000, guid: 0890fc82feff73447ae5833573cacbc5,
    type: 3}
  m_PrefabInternal: {fileID: 1534957823}
  m_GameObject: {fileID: 1568369496}
  m_Mesh: {fileID: 4300000, guid: 0890fc82feff73447ae5833573cacbc5, type: 3}
--- !u!43 &1654318293
Mesh:
  m_ObjectHideFlags: 0
  m_PrefabParentObject: {fileID: 0}
  m_PrefabInternal: {fileID: 0}
  m_Name: 
  serializedVersion: 8
  m_SubMeshes:
  - serializedVersion: 2
    firstByte: 0
    indexCount: 6
    topology: 0
    firstVertex: 0
    vertexCount: 4
    localAABB:
      m_Center: {x: 0, y: 0, z: 0}
      m_Extent: {x: 0.3750001, y: 0, z: 0.5}
  m_Shapes:
    vertices: []
    shapes: []
    channels: []
    fullWeights: []
  m_BindPose: []
  m_BoneNameHashes: 
  m_RootBoneNameHash: 0
  m_MeshCompression: 0
  m_IsReadable: 1
  m_KeepVertices: 1
  m_KeepIndices: 1
  m_IndexBuffer: 000001000200020001000300
  m_Skin: []
  m_VertexData:
    m_CurrentChannels: 11
    m_VertexCount: 4
    m_Channels:
    - stream: 0
      offset: 0
      format: 0
      dimension: 3
    - stream: 0
      offset: 12
      format: 0
      dimension: 3
    - stream: 0
      offset: 0
      format: 0
      dimension: 0
    - stream: 0
      offset: 24
      format: 0
      dimension: 2
    - stream: 0
      offset: 0
      format: 0
      dimension: 0
    - stream: 0
      offset: 0
      format: 0
      dimension: 0
    - stream: 0
      offset: 0
      format: 0
      dimension: 0
    - stream: 0
      offset: 0
      format: 0
      dimension: 0
    m_DataSize: 128
    _typelessdata: 0300c0be00000000000000bf000000000000803f0000000000000000000000000300c0be000000000000003f000000000000803f00000000000000000000803f0300c03e00000000000000bf000000000000803f000000000000803f000000000300c03e000000000000003f000000000000803f000000000000803f0000803f
  m_CompressedMesh:
    m_Vertices:
      m_NumItems: 0
      m_Range: 0
      m_Start: 0
      m_Data: 
      m_BitSize: 0
    m_UV:
      m_NumItems: 0
      m_Range: 0
      m_Start: 0
      m_Data: 
      m_BitSize: 0
    m_Normals:
      m_NumItems: 0
      m_Range: 0
      m_Start: 0
      m_Data: 
      m_BitSize: 0
    m_Tangents:
      m_NumItems: 0
      m_Range: 0
      m_Start: 0
      m_Data: 
      m_BitSize: 0
    m_Weights:
      m_NumItems: 0
      m_Data: 
      m_BitSize: 0
    m_NormalSigns:
      m_NumItems: 0
      m_Data: 
      m_BitSize: 0
    m_TangentSigns:
      m_NumItems: 0
      m_Data: 
      m_BitSize: 0
    m_FloatColors:
      m_NumItems: 0
      m_Range: 0
      m_Start: 0
      m_Data: 
      m_BitSize: 0
    m_BoneIndices:
      m_NumItems: 0
      m_Data: 
      m_BitSize: 0
    m_Triangles:
      m_NumItems: 0
      m_Data: 
      m_BitSize: 0
    m_UVInfo: 0
  m_LocalAABB:
    m_Center: {x: 0, y: 0, z: 0}
    m_Extent: {x: 0.3750001, y: 0, z: 0.5}
  m_MeshUsageFlags: 0
  m_BakedConvexCollisionMesh: 
  m_BakedTriangleCollisionMesh: 
  m_MeshOptimized: 0
--- !u!1 &1834814857
GameObject:
  m_ObjectHideFlags: 0
  m_PrefabParentObject: {fileID: 155950, guid: 77a599bd67f72e24999e1d5d60f433d0, type: 2}
  m_PrefabInternal: {fileID: 1225381830}
  serializedVersion: 4
  m_Component:
  - 4: {fileID: 1834814858}
  - 33: {fileID: 1834814860}
  - 23: {fileID: 1834814859}
  m_Layer: 0
  m_Name: Enterance
  m_TagString: Untagged
  m_Icon: {fileID: 0}
  m_NavMeshLayer: 0
  m_StaticEditorFlags: 0
  m_IsActive: 1
--- !u!4 &1834814858
Transform:
  m_ObjectHideFlags: 0
  m_PrefabParentObject: {fileID: 472130, guid: 77a599bd67f72e24999e1d5d60f433d0, type: 2}
  m_PrefabInternal: {fileID: 1225381830}
  m_GameObject: {fileID: 1834814857}
  m_LocalRotation: {x: -0.5, y: 0.5, z: -0.5, w: 0.5}
  m_LocalPosition: {x: 0, y: 0, z: 0}
  m_LocalScale: {x: 9.99775, y: 9.99775, z: 9.99775}
  m_Children: []
  m_Father: {fileID: 198885946}
  m_RootOrder: 3
--- !u!23 &1834814859
MeshRenderer:
  m_ObjectHideFlags: 0
  m_PrefabParentObject: {fileID: 2319822, guid: 77a599bd67f72e24999e1d5d60f433d0,
    type: 2}
  m_PrefabInternal: {fileID: 1225381830}
  m_GameObject: {fileID: 1834814857}
  m_Enabled: 1
  m_CastShadows: 1
  m_ReceiveShadows: 1
  m_Materials:
  - {fileID: 2100000, guid: 6e06b6d0c696f9544b327c597d334766, type: 2}
  m_SubsetIndices: 
  m_StaticBatchRoot: {fileID: 0}
  m_UseLightProbes: 1
  m_ReflectionProbeUsage: 1
  m_ProbeAnchor: {fileID: 0}
  m_ScaleInLightmap: 1
  m_PreserveUVs: 0
  m_IgnoreNormalsForChartDetection: 0
  m_ImportantGI: 0
  m_MinimumChartSize: 4
  m_AutoUVMaxDistance: 0.5
  m_AutoUVMaxAngle: 89
  m_LightmapParameters: {fileID: 0}
  m_SortingLayerID: 0
  m_SortingOrder: 0
--- !u!33 &1834814860
MeshFilter:
  m_ObjectHideFlags: 0
  m_PrefabParentObject: {fileID: 3303460, guid: 77a599bd67f72e24999e1d5d60f433d0,
    type: 2}
  m_PrefabInternal: {fileID: 1225381830}
  m_GameObject: {fileID: 1834814857}
  m_Mesh: {fileID: 4300010, guid: d052d933598dac241a51c227cfe7a313, type: 3}
--- !u!1 &1857726353
GameObject:
  m_ObjectHideFlags: 0
  m_PrefabParentObject: {fileID: 115800, guid: 77a599bd67f72e24999e1d5d60f433d0, type: 2}
  m_PrefabInternal: {fileID: 1225381830}
  serializedVersion: 4
  m_Component:
  - 4: {fileID: 1857726354}
  - 33: {fileID: 1857726356}
  - 23: {fileID: 1857726355}
  m_Layer: 0
  m_Name: Woods
  m_TagString: Untagged
  m_Icon: {fileID: 0}
  m_NavMeshLayer: 0
  m_StaticEditorFlags: 0
  m_IsActive: 1
--- !u!4 &1857726354
Transform:
  m_ObjectHideFlags: 0
  m_PrefabParentObject: {fileID: 450010, guid: 77a599bd67f72e24999e1d5d60f433d0, type: 2}
  m_PrefabInternal: {fileID: 1225381830}
  m_GameObject: {fileID: 1857726353}
  m_LocalRotation: {x: -0.7071068, y: 0, z: -0, w: 0.7071068}
  m_LocalPosition: {x: 0, y: 0, z: 0}
  m_LocalScale: {x: 9.99775, y: 9.99775, z: 9.99775}
  m_Children: []
  m_Father: {fileID: 198885946}
  m_RootOrder: 5
--- !u!23 &1857726355
MeshRenderer:
  m_ObjectHideFlags: 0
  m_PrefabParentObject: {fileID: 2345950, guid: 77a599bd67f72e24999e1d5d60f433d0,
    type: 2}
  m_PrefabInternal: {fileID: 1225381830}
  m_GameObject: {fileID: 1857726353}
  m_Enabled: 1
  m_CastShadows: 1
  m_ReceiveShadows: 1
  m_Materials:
  - {fileID: 2100000, guid: 6e06b6d0c696f9544b327c597d334766, type: 2}
  m_SubsetIndices: 
  m_StaticBatchRoot: {fileID: 0}
  m_UseLightProbes: 1
  m_ReflectionProbeUsage: 1
  m_ProbeAnchor: {fileID: 0}
  m_ScaleInLightmap: 1
  m_PreserveUVs: 0
  m_IgnoreNormalsForChartDetection: 0
  m_ImportantGI: 0
  m_MinimumChartSize: 4
  m_AutoUVMaxDistance: 0.5
  m_AutoUVMaxAngle: 89
  m_LightmapParameters: {fileID: 0}
  m_SortingLayerID: 0
  m_SortingOrder: 0
--- !u!33 &1857726356
MeshFilter:
  m_ObjectHideFlags: 0
  m_PrefabParentObject: {fileID: 3327652, guid: 77a599bd67f72e24999e1d5d60f433d0,
    type: 2}
  m_PrefabInternal: {fileID: 1225381830}
  m_GameObject: {fileID: 1857726353}
  m_Mesh: {fileID: 4300004, guid: d052d933598dac241a51c227cfe7a313, type: 3}
--- !u!21 &1925594446
Material:
  serializedVersion: 6
  m_ObjectHideFlags: 0
  m_PrefabParentObject: {fileID: 0}
  m_PrefabInternal: {fileID: 0}
  m_Name: menschena21a_scaledMaterial
  m_Shader: {fileID: 10752, guid: 0000000000000000f000000000000000, type: 0}
  m_ShaderKeywords: 
  m_LightmapFlags: 5
  m_CustomRenderQueue: -1
  stringTagMap: {}
  m_SavedProperties:
    serializedVersion: 2
    m_TexEnvs:
      data:
        first:
          name: _MainTex
        second:
          m_Texture: {fileID: 2800000, guid: d8d41d66f290442db69cf9452a1a70ec, type: 3}
          m_Scale: {x: 1, y: 1}
          m_Offset: {x: 0, y: 0}
    m_Floats: {}
    m_Colors:
      data:
        first:
          name: _Color
        second: {r: 0.82089555, g: 0.82089555, b: 0.82089555, a: 1}
--- !u!1001 &1949224983
Prefab:
  m_ObjectHideFlags: 0
  serializedVersion: 2
  m_Modification:
    m_TransformParent: {fileID: 0}
    m_Modifications:
    - target: {fileID: 11400002, guid: bf30d577eead1ef40bcf2b404289daf4, type: 2}
      propertyPath: mDataSetsToLoad.Array.size
      value: 1
      objectReference: {fileID: 0}
    - target: {fileID: 11400002, guid: bf30d577eead1ef40bcf2b404289daf4, type: 2}
      propertyPath: mDataSetsToActivate.Array.size
      value: 1
      objectReference: {fileID: 0}
    - target: {fileID: 400000, guid: bf30d577eead1ef40bcf2b404289daf4, type: 2}
      propertyPath: m_LocalPosition.x
      value: 200
      objectReference: {fileID: 0}
    - target: {fileID: 400000, guid: bf30d577eead1ef40bcf2b404289daf4, type: 2}
      propertyPath: m_LocalPosition.y
      value: 600
      objectReference: {fileID: 0}
    - target: {fileID: 400000, guid: bf30d577eead1ef40bcf2b404289daf4, type: 2}
      propertyPath: m_LocalPosition.z
      value: 100
      objectReference: {fileID: 0}
    - target: {fileID: 400000, guid: bf30d577eead1ef40bcf2b404289daf4, type: 2}
      propertyPath: m_LocalRotation.x
      value: 0.7071069
      objectReference: {fileID: 0}
    - target: {fileID: 400000, guid: bf30d577eead1ef40bcf2b404289daf4, type: 2}
      propertyPath: m_LocalRotation.y
      value: 0
      objectReference: {fileID: 0}
    - target: {fileID: 400000, guid: bf30d577eead1ef40bcf2b404289daf4, type: 2}
      propertyPath: m_LocalRotation.z
      value: 0
      objectReference: {fileID: 0}
    - target: {fileID: 400000, guid: bf30d577eead1ef40bcf2b404289daf4, type: 2}
      propertyPath: m_LocalRotation.w
      value: 0.70710677
      objectReference: {fileID: 0}
    - target: {fileID: 400000, guid: bf30d577eead1ef40bcf2b404289daf4, type: 2}
      propertyPath: m_RootOrder
      value: 1
      objectReference: {fileID: 0}
    - target: {fileID: 11400006, guid: bf30d577eead1ef40bcf2b404289daf4, type: 2}
      propertyPath: VuforiaLicenseKey
      value: AaFyRSH/////AAAAAebRuSNp2U96svVyCgupiUxgl44L5O8i3p8VRTXL7hLJ+7Zm76mnbMNstE2ndqJjZmNKQf4aDCicN/BzD1GVf94fQS/8wQAEprP11pJUJ4xv7uhCjPsP3E8IN71jnluSCu1phFzSOIJAX7zcUOQvQ/F+6m6v+XKrDVCQBewk3JCuskVh+NzxY/D2eKTuvLh7ZxZ/dlYdFeL3aLt/4q05hkpukHEuAEg3wqL8SUyxyadfCQiYBDUZXSRnnZHm0wcRzxiLHw/2ybEvh6Rtb0+wHx8Z2lSQBYS/1zAO0UJLKDCXnqDga8aMsqFZLhvaD1k7nz1L/0gXcmvL18MCGBo2GDtcyooeql3L/MyJZWxphUDm
      objectReference: {fileID: 0}
    - target: {fileID: 11400002, guid: bf30d577eead1ef40bcf2b404289daf4, type: 2}
      propertyPath: mDataSetsToLoad.Array.data[0]
      value: VuforiaTest
      objectReference: {fileID: 0}
    - target: {fileID: 11400002, guid: bf30d577eead1ef40bcf2b404289daf4, type: 2}
      propertyPath: mDataSetsToActivate.Array.data[0]
      value: VuforiaTest
      objectReference: {fileID: 0}
    - target: {fileID: 2000000, guid: bf30d577eead1ef40bcf2b404289daf4, type: 2}
      propertyPath: near clip plane
      value: 0.01
      objectReference: {fileID: 0}
    - target: {fileID: 11400006, guid: bf30d577eead1ef40bcf2b404289daf4, type: 2}
      propertyPath: MaxSimultaneousImageTargets
      value: 2
      objectReference: {fileID: 0}
    m_RemovedComponents: []
  m_ParentPrefab: {fileID: 100100000, guid: bf30d577eead1ef40bcf2b404289daf4, type: 2}
  m_RootGameObject: {fileID: 1470936729}
  m_IsPrefabParent: 0
--- !u!1 &1956934567
GameObject:
  m_ObjectHideFlags: 0
  m_PrefabParentObject: {fileID: 100000, guid: 384a0d8cc71cef74a873b3353337ea2c, type: 2}
  m_PrefabInternal: {fileID: 168138633}
  serializedVersion: 4
  m_Component:
  - 4: {fileID: 1004914418}
  - 23: {fileID: 1956934572}
  - 114: {fileID: 1956934571}
  - 114: {fileID: 1956934570}
  - 33: {fileID: 1956934569}
  - 114: {fileID: 1956934568}
  m_Layer: 0
  m_Name: SceneTarget
  m_TagString: Untagged
  m_Icon: {fileID: 0}
  m_NavMeshLayer: 0
  m_StaticEditorFlags: 0
  m_IsActive: 1
--- !u!114 &1956934568
MonoBehaviour:
  m_ObjectHideFlags: 0
  m_PrefabParentObject: {fileID: 11400004, guid: 384a0d8cc71cef74a873b3353337ea2c,
    type: 2}
  m_PrefabInternal: {fileID: 168138633}
  m_GameObject: {fileID: 1956934567}
  m_Enabled: 1
  m_EditorHideFlags: 0
  m_Script: {fileID: 11500000, guid: 5a917f0af64a6423093132dab321c15f, type: 3}
  m_Name: 
  m_EditorClassIdentifier: 
--- !u!33 &1956934569
MeshFilter:
  m_ObjectHideFlags: 0
  m_PrefabParentObject: {fileID: 3300000, guid: 384a0d8cc71cef74a873b3353337ea2c,
    type: 2}
  m_PrefabInternal: {fileID: 168138633}
  m_GameObject: {fileID: 1956934567}
  m_Mesh: {fileID: 1654318293}
--- !u!114 &1956934570
MonoBehaviour:
  m_ObjectHideFlags: 0
  m_PrefabParentObject: {fileID: 11400002, guid: 384a0d8cc71cef74a873b3353337ea2c,
    type: 2}
  m_PrefabInternal: {fileID: 168138633}
  m_GameObject: {fileID: 1956934567}
  m_Enabled: 1
  m_EditorHideFlags: 0
  m_Script: {fileID: 11500000, guid: e246bd21db86f8346bc66895a661fcc4, type: 3}
  m_Name: 
  m_EditorClassIdentifier: 
--- !u!114 &1956934571
MonoBehaviour:
  m_ObjectHideFlags: 0
  m_PrefabParentObject: {fileID: 11400000, guid: 384a0d8cc71cef74a873b3353337ea2c,
    type: 2}
  m_PrefabInternal: {fileID: 168138633}
  m_GameObject: {fileID: 1956934567}
  m_Enabled: 1
  m_EditorHideFlags: 0
  m_Script: {fileID: 11500000, guid: cadfb90286c81fd42a6785e4e7cd3024, type: 3}
  m_Name: 
  m_EditorClassIdentifier: 
  mTrackableName: menschena21a
  mPreviousScale: {x: 1.333333, y: 1.333333, z: 1.333333}
  mPreserveChildSize: 0
  mInitializedInEditor: 1
  mDataSetPath: QCAR/VuforiaTest.xml
  mExtendedTracking: 0
  mInitializeSmartTerrain: 0
  mReconstructionToInitialize: {fileID: 0}
  mSmartTerrainOccluderBoundsMin: {x: 0, y: 0, z: 0}
  mSmartTerrainOccluderBoundsMax: {x: 0, y: 0, z: 0}
  mIsSmartTerrainOccluderOffset: 0
  mSmartTerrainOccluderOffset: {x: 0, y: 0, z: 0}
  mSmartTerrainOccluderRotation: {x: 0, y: 0, z: 0, w: 0}
  mSmartTerrainOccluderLockedInPlace: 0
  mAutoSetOccluderFromTargetSize: 0
  mAspectRatio: 1.333333
  mImageTargetType: 0
--- !u!23 &1956934572
MeshRenderer:
  m_ObjectHideFlags: 0
  m_PrefabParentObject: {fileID: 2300000, guid: 384a0d8cc71cef74a873b3353337ea2c,
    type: 2}
  m_PrefabInternal: {fileID: 168138633}
  m_GameObject: {fileID: 1956934567}
  m_Enabled: 1
  m_CastShadows: 1
  m_ReceiveShadows: 1
  m_Materials:
  - {fileID: 1925594446}
  m_SubsetIndices: 
  m_StaticBatchRoot: {fileID: 0}
  m_UseLightProbes: 0
  m_ReflectionProbeUsage: 1
  m_ProbeAnchor: {fileID: 0}
  m_ScaleInLightmap: 1
  m_PreserveUVs: 0
  m_IgnoreNormalsForChartDetection: 0
  m_ImportantGI: 0
  m_MinimumChartSize: 4
  m_AutoUVMaxDistance: 0.5
  m_AutoUVMaxAngle: 89
  m_LightmapParameters: {fileID: 0}
  m_SortingLayerID: 0
  m_SortingOrder: 0
--- !u!1 &1964572355
GameObject:
  m_ObjectHideFlags: 0
  m_PrefabParentObject: {fileID: 110800, guid: 77a599bd67f72e24999e1d5d60f433d0, type: 2}
  m_PrefabInternal: {fileID: 1225381830}
  serializedVersion: 4
  m_Component:
  - 4: {fileID: 1964572356}
  - 33: {fileID: 1964572358}
  - 23: {fileID: 1964572357}
  m_Layer: 0
  m_Name: Walls
  m_TagString: Untagged
  m_Icon: {fileID: 0}
  m_NavMeshLayer: 0
  m_StaticEditorFlags: 0
  m_IsActive: 1
--- !u!4 &1964572356
Transform:
  m_ObjectHideFlags: 0
  m_PrefabParentObject: {fileID: 491468, guid: 77a599bd67f72e24999e1d5d60f433d0, type: 2}
  m_PrefabInternal: {fileID: 1225381830}
  m_GameObject: {fileID: 1964572355}
  m_LocalRotation: {x: -0.7071068, y: 0, z: -0, w: 0.7071068}
  m_LocalPosition: {x: 0, y: 0, z: 0}
  m_LocalScale: {x: 9.99775, y: 9.99775, z: 9.99775}
  m_Children: []
  m_Father: {fileID: 198885946}
  m_RootOrder: 4
--- !u!23 &1964572357
MeshRenderer:
  m_ObjectHideFlags: 0
  m_PrefabParentObject: {fileID: 2319096, guid: 77a599bd67f72e24999e1d5d60f433d0,
    type: 2}
  m_PrefabInternal: {fileID: 1225381830}
  m_GameObject: {fileID: 1964572355}
  m_Enabled: 1
  m_CastShadows: 1
  m_ReceiveShadows: 1
  m_Materials:
  - {fileID: 2100000, guid: 6e06b6d0c696f9544b327c597d334766, type: 2}
  m_SubsetIndices: 
  m_StaticBatchRoot: {fileID: 0}
  m_UseLightProbes: 1
  m_ReflectionProbeUsage: 1
  m_ProbeAnchor: {fileID: 0}
  m_ScaleInLightmap: 1
  m_PreserveUVs: 0
  m_IgnoreNormalsForChartDetection: 0
  m_ImportantGI: 0
  m_MinimumChartSize: 4
  m_AutoUVMaxDistance: 0.5
  m_AutoUVMaxAngle: 89
  m_LightmapParameters: {fileID: 0}
  m_SortingLayerID: 0
  m_SortingOrder: 0
--- !u!33 &1964572358
MeshFilter:
  m_ObjectHideFlags: 0
  m_PrefabParentObject: {fileID: 3338162, guid: 77a599bd67f72e24999e1d5d60f433d0,
    type: 2}
  m_PrefabInternal: {fileID: 1225381830}
  m_GameObject: {fileID: 1964572355}
  m_Mesh: {fileID: 4300000, guid: d052d933598dac241a51c227cfe7a313, type: 3}
--- !u!1 &2067577312
GameObject:
  m_ObjectHideFlags: 0
  m_PrefabParentObject: {fileID: 100002, guid: bf30d577eead1ef40bcf2b404289daf4, type: 2}
  m_PrefabInternal: {fileID: 1949224983}
  serializedVersion: 4
  m_Component:
  - 4: {fileID: 2067577318}
  - 20: {fileID: 2067577313}
  - 114: {fileID: 2067577317}
  - 92: {fileID: 2067577316}
  - 124: {fileID: 2067577315}
  - 114: {fileID: 2067577314}
  m_Layer: 0
  m_Name: Camera
  m_TagString: MainCamera
  m_Icon: {fileID: 0}
  m_NavMeshLayer: 0
  m_StaticEditorFlags: 0
  m_IsActive: 1
--- !u!20 &2067577313
Camera:
  m_ObjectHideFlags: 0
  m_PrefabParentObject: {fileID: 2000000, guid: bf30d577eead1ef40bcf2b404289daf4,
    type: 2}
  m_PrefabInternal: {fileID: 1949224983}
  m_GameObject: {fileID: 2067577312}
  m_Enabled: 1
  serializedVersion: 2
  m_ClearFlags: 2
  m_BackGroundColor: {r: 0, g: 0, b: 0, a: 1}
  m_NormalizedViewPortRect:
    serializedVersion: 2
    x: 0
    y: 0
    width: 1
    height: 1
  near clip plane: 0.01
  far clip plane: 5000
  field of view: 51
  orthographic: 0
  orthographic size: 5
  m_Depth: 1
  m_CullingMask:
    serializedVersion: 2
    m_Bits: 4294967295
  m_RenderingPath: -1
  m_TargetTexture: {fileID: 0}
  m_TargetDisplay: 0
  m_TargetEye: 3
  m_HDR: 0
  m_OcclusionCulling: 1
  m_StereoConvergence: 10
  m_StereoSeparation: 0.022
  m_StereoMirrorMode: 0
--- !u!114 &2067577314
MonoBehaviour:
  m_ObjectHideFlags: 0
  m_PrefabParentObject: {fileID: 11400016, guid: bf30d577eead1ef40bcf2b404289daf4,
    type: 2}
  m_PrefabInternal: {fileID: 1949224983}
  m_GameObject: {fileID: 2067577312}
  m_Enabled: 1
  m_EditorHideFlags: 0
  m_Script: {fileID: 11500000, guid: 4d4add68fcad15844891a06f869084d0, type: 3}
  m_Name: 
  m_EditorClassIdentifier: 
  matteShader: {fileID: 4800000, guid: f84e93cca971cda47a225f4c6a4156c9, type: 3}
  clippingMode: 0
--- !u!124 &2067577315
Behaviour:
  m_ObjectHideFlags: 0
  m_PrefabParentObject: {fileID: 12400000, guid: bf30d577eead1ef40bcf2b404289daf4,
    type: 2}
  m_PrefabInternal: {fileID: 1949224983}
  m_GameObject: {fileID: 2067577312}
  m_Enabled: 0
--- !u!92 &2067577316
Behaviour:
  m_ObjectHideFlags: 0
  m_PrefabParentObject: {fileID: 9200000, guid: bf30d577eead1ef40bcf2b404289daf4,
    type: 2}
  m_PrefabInternal: {fileID: 1949224983}
  m_GameObject: {fileID: 2067577312}
  m_Enabled: 1
--- !u!114 &2067577317
MonoBehaviour:
  m_ObjectHideFlags: 0
  m_PrefabParentObject: {fileID: 11400010, guid: bf30d577eead1ef40bcf2b404289daf4,
    type: 2}
  m_PrefabInternal: {fileID: 1949224983}
  m_GameObject: {fileID: 2067577312}
  m_Enabled: 1
  m_EditorHideFlags: 0
  m_Script: {fileID: 11500000, guid: a82d9a4bfbaccce4298a2b72f6a03f8c, type: 3}
  m_Name: 
  m_EditorClassIdentifier: 
--- !u!4 &2067577318
Transform:
  m_ObjectHideFlags: 0
  m_PrefabParentObject: {fileID: 400002, guid: bf30d577eead1ef40bcf2b404289daf4, type: 2}
  m_PrefabInternal: {fileID: 1949224983}
  m_GameObject: {fileID: 2067577312}
  m_LocalRotation: {x: 0, y: 0, z: 0, w: 1}
  m_LocalPosition: {x: 0, y: 0, z: 0}
  m_LocalScale: {x: 1, y: 1, z: 1}
  m_Children:
  - {fileID: 1551840954}
  m_Father: {fileID: 1470936738}
  m_RootOrder: 0
--- !u!1 &2076280257
GameObject:
  m_ObjectHideFlags: 0
  m_PrefabParentObject: {fileID: 100006, guid: 60d96df94dbcd3441a307eb194e2071f, type: 2}
  m_PrefabInternal: {fileID: 351689289}
  serializedVersion: 4
  m_Component:
  - 4: {fileID: 2076280258}
  - 135: {fileID: 2076280260}
  - 114: {fileID: 2076280259}
  m_Layer: 2
  m_Name: RangeTrigger
  m_TagString: Untagged
  m_Icon: {fileID: 0}
  m_NavMeshLayer: 0
  m_StaticEditorFlags: 0
  m_IsActive: 1
--- !u!4 &2076280258
Transform:
  m_ObjectHideFlags: 0
  m_PrefabParentObject: {fileID: 400006, guid: 60d96df94dbcd3441a307eb194e2071f, type: 2}
  m_PrefabInternal: {fileID: 351689289}
  m_GameObject: {fileID: 2076280257}
  m_LocalRotation: {x: 0, y: 0, z: 0, w: 1}
  m_LocalPosition: {x: 0, y: 0, z: 0}
  m_LocalScale: {x: 1, y: 1, z: 1}
  m_Children: []
  m_Father: {fileID: 643256377}
  m_RootOrder: 2
--- !u!114 &2076280259
MonoBehaviour:
  m_ObjectHideFlags: 0
  m_PrefabParentObject: {fileID: 11400002, guid: 60d96df94dbcd3441a307eb194e2071f,
    type: 2}
  m_PrefabInternal: {fileID: 351689289}
  m_GameObject: {fileID: 2076280257}
  m_Enabled: 1
  m_EditorHideFlags: 0
  m_Script: {fileID: 11500000, guid: 2f2199f5379686b4989dd4a7c605bdba, type: 3}
  m_Name: 
  m_EditorClassIdentifier: 
--- !u!135 &2076280260
SphereCollider:
  m_ObjectHideFlags: 0
  m_PrefabParentObject: {fileID: 13500000, guid: 60d96df94dbcd3441a307eb194e2071f,
    type: 2}
  m_PrefabInternal: {fileID: 351689289}
  m_GameObject: {fileID: 2076280257}
  m_Material: {fileID: 0}
  m_IsTrigger: 0
  m_Enabled: 1
  serializedVersion: 2
  m_Radius: 0.1
  m_Center: {x: 0, y: 3.6, z: 0}
--- !u!1 &2083705167
GameObject:
  m_ObjectHideFlags: 0
  m_PrefabParentObject: {fileID: 100000, guid: 384a0d8cc71cef74a873b3353337ea2c, type: 2}
  m_PrefabInternal: {fileID: 1082321046}
  serializedVersion: 4
  m_Component:
  - 4: {fileID: 8413735}
  - 23: {fileID: 2083705172}
  - 114: {fileID: 2083705171}
  - 114: {fileID: 2083705170}
  - 33: {fileID: 2083705169}
  - 114: {fileID: 2083705168}
  m_Layer: 0
  m_Name: TowerTarget
  m_TagString: Untagged
  m_Icon: {fileID: 0}
  m_NavMeshLayer: 0
  m_StaticEditorFlags: 0
  m_IsActive: 1
--- !u!114 &2083705168
MonoBehaviour:
  m_ObjectHideFlags: 0
  m_PrefabParentObject: {fileID: 11400004, guid: 384a0d8cc71cef74a873b3353337ea2c,
    type: 2}
  m_PrefabInternal: {fileID: 1082321046}
  m_GameObject: {fileID: 2083705167}
  m_Enabled: 1
  m_EditorHideFlags: 0
  m_Script: {fileID: 11500000, guid: 5a917f0af64a6423093132dab321c15f, type: 3}
  m_Name: 
  m_EditorClassIdentifier: 
--- !u!33 &2083705169
MeshFilter:
  m_ObjectHideFlags: 0
  m_PrefabParentObject: {fileID: 3300000, guid: 384a0d8cc71cef74a873b3353337ea2c,
    type: 2}
  m_PrefabInternal: {fileID: 1082321046}
  m_GameObject: {fileID: 2083705167}
  m_Mesh: {fileID: 532359790}
--- !u!114 &2083705170
MonoBehaviour:
  m_ObjectHideFlags: 0
  m_PrefabParentObject: {fileID: 11400002, guid: 384a0d8cc71cef74a873b3353337ea2c,
    type: 2}
  m_PrefabInternal: {fileID: 1082321046}
  m_GameObject: {fileID: 2083705167}
  m_Enabled: 1
  m_EditorHideFlags: 0
  m_Script: {fileID: 11500000, guid: e246bd21db86f8346bc66895a661fcc4, type: 3}
  m_Name: 
  m_EditorClassIdentifier: 
--- !u!114 &2083705171
MonoBehaviour:
  m_ObjectHideFlags: 0
  m_PrefabParentObject: {fileID: 11400000, guid: 384a0d8cc71cef74a873b3353337ea2c,
    type: 2}
  m_PrefabInternal: {fileID: 1082321046}
  m_GameObject: {fileID: 2083705167}
  m_Enabled: 1
  m_EditorHideFlags: 0
  m_Script: {fileID: 11500000, guid: cadfb90286c81fd42a6785e4e7cd3024, type: 3}
  m_Name: 
  m_EditorClassIdentifier: 
  mTrackableName: 7deespada
  mPreviousScale: {x: 1.623273, y: 1.623273, z: 1.623273}
  mPreserveChildSize: 0
  mInitializedInEditor: 1
  mDataSetPath: QCAR/VuforiaTest.xml
  mExtendedTracking: 0
  mInitializeSmartTerrain: 0
  mReconstructionToInitialize: {fileID: 0}
  mSmartTerrainOccluderBoundsMin: {x: 0, y: 0, z: 0}
  mSmartTerrainOccluderBoundsMax: {x: 0, y: 0, z: 0}
  mIsSmartTerrainOccluderOffset: 0
  mSmartTerrainOccluderOffset: {x: 0, y: 0, z: 0}
  mSmartTerrainOccluderRotation: {x: 0, y: 0, z: 0, w: 0}
  mSmartTerrainOccluderLockedInPlace: 0
  mAutoSetOccluderFromTargetSize: 0
  mAspectRatio: 1.623273
  mImageTargetType: 0
--- !u!23 &2083705172
MeshRenderer:
  m_ObjectHideFlags: 0
  m_PrefabParentObject: {fileID: 2300000, guid: 384a0d8cc71cef74a873b3353337ea2c,
    type: 2}
  m_PrefabInternal: {fileID: 1082321046}
  m_GameObject: {fileID: 2083705167}
  m_Enabled: 1
  m_CastShadows: 1
  m_ReceiveShadows: 1
  m_Materials:
  - {fileID: 41338597}
  m_SubsetIndices: 
  m_StaticBatchRoot: {fileID: 0}
  m_UseLightProbes: 0
  m_ReflectionProbeUsage: 1
  m_ProbeAnchor: {fileID: 0}
  m_ScaleInLightmap: 1
  m_PreserveUVs: 0
  m_IgnoreNormalsForChartDetection: 0
  m_ImportantGI: 0
  m_MinimumChartSize: 4
  m_AutoUVMaxDistance: 0.5
  m_AutoUVMaxAngle: 89
  m_LightmapParameters: {fileID: 0}
  m_SortingLayerID: 0
  m_SortingOrder: 0
